2400 4478
27 522 42 529 —
68 489 258 573 paullatim·
282 510 505 575 augerentur,
545 481 589 558 et
616 484 761 570 revera,
795 493 884 579 quod
904 493 1051 557 infitiari

67 613 153 678 non·
177 618 387 683 possumus,
422 607 560 665 maximi
592 607 754 667 momenti
793 603 882 667 foret
917 617 1051 682 auctor,

68 705 252 770 dummodo
280 698 495 792 fragmentis,
521 731 605 792 quae
630 694 833 803 supersunt,
870 709 969 793 plura
992 710 1049 774 ha·-

9 883 12 888 ,
64 820 223 882 heremus
243 818 432 900 integriora
449 834 483 883 et
496 822 663 900 certiora,
685 818 866 884 dummodo
890 821 961 882 sine
976 802 1049 901 par:

66 926 157 987 tium
179 925 309 1004 studi0,
332 918 578 1004 exornationis,
613 925 739 989 fraudis
775 945 811 988 ac
834 926 1048 988 'fallaciarum

64 1050 184 1114 expers
197 1049 365 1096 narrasset
377 1037 474 1116 isque
489 1050 591 1111 esset,
614 1048 654 1095 ut
669 1037 783 1116 paucis
799 1032 925 1110 dicam,
949 1053 1050 1115 quem

63 1139 170 1203 fuisse
188 1141 382 1205 simularet:
407 1143 564 1205 hisvero
588 1128 738 1206 incertus
762 1142 862 1224 plane
885 1158 918 1204 et
933 1141 1049 1204 credu·
1087 1117 1101 1132 ”

62 1248 122 1312 lus
144 1248 224 1313 adso
246 1267 404 1314 censetur
425 1269 465 1314 ex
487 1254 550 1331 iis,
572 1273 658 1334 quae
684 1253 725 1314 ad
743 1271 863 1322 manus
884 1266 982 1329 sunt,
1009 1264 1049 1313 ut

60 1358 228 1419 librorum
266 1362 373 1440 ipsius
409 1363 573 1436 interitu,
610 1359 663 1421 nil
695 1361 763 1422 nisi
798 1357 990 1421 fabularum
1013 1371 1048 1421 et

56 1458 268 1547 ineptiarum
290 1464 474 1546 perdidisse
498 1465 702 1545 farraginem
741 1461 927 1526 videamur.
969 1465 1049 1524 Ma·

58 1573 222 1636 uerbenis·
230 1572 412 1636 sacerdotis
425 1572 531 1651 illius,
558 1573 618 1654 qui
630 1572 826 1651 supersunt,
839 1569 935 1631 libris
949 1567 1049 1631 fidem

57 1684 183 1746 habere
207 1686 360 1747 veritatis
379 1704 473 1747 amor
492 1696 605 1760 vetat,
642 1702 749 1763 quum
771 1679 848 1742 odio
873 1695 909 1743 et
932 1678 1049 1743 furore

60 1789 230 1872 quodam'
219 1812 258 1852 ιιι
282 1790 423 1889 Iudaeos
445 1790 614 1872 repletus,
638 1809 707 1849 non
721 1791 793 1849 sine
812 1791 963 1869 partium
976 1801 1047 1853 stu·

60 1895 121 1957 dio
150 1915 205 1958 res
236 1901 440 1978 exposuerit.
494 1897 574 1958 Et
565 1914 637 1976 ipse
662 1896 816 1999 (vivebat
846 1898 937 1956 enim
963 1909 1048 1958 teste

59 1998 219 2095 Syncello
245 2020 273 2061 c.
294 2021 320 2065 a.
341 2005 404 2067 280
427 2013 505 2063 ante
526 1999 586 2062 ch.
606 1999 660 2075 n.)
683 1971 843 2060 stabulis
864 2001 1047 2082 Aegyptio·
1070 1987 1075 1999 ’

57 2122 139 2168 rum
161 2080 330 2187 publicis,
374 2121 459 2186 quae
495 2107 532 2163 in
571 2090 708 2182 ter'nplis
746 2119 931 2167 asservatae
960 2103 1048 2169 dice-

55 2215 199 2288 bantur,
223 2215 400 2286 materiem
422 2212 536 2273 hausit
563 2210 723 2274 historiae
743 2212 936 2275 scribendae
958 2234 1046 2276 cam·

60 2311 129 2401 que
153 2297 364 2400 ‘composuit
417 2315 586 2398 Sequatur
620 2317 777 2398 deinceps
802 2321 951 2385 Flavius‘
974 2324 1047 2401 ipse
1096 2391 1101 2399 ¹

35 2413 41 2421 ⁸
57 2424 237 2504 Iosephus.
280 2425 434 2492 Utinam,
445 2430 559 2488 omnis
576 2410 855 2511 superstitionis,
876 2432 979 2497 animi
994 2430 1047 2493 'le·
1082 2402 1112 2507 ,¹

58 2536 199 2613 vitatis,
244 2554 360 2596 rerum
383 2537 555 2615 inanium,
584 2535 704 2615 judicii
727 2541 827 2627 pravi
851 2553 952 2622 atque
975 2560 1048 2607 cor·

53 2644 152 2722 rupti
175 2622 532 2734 vacuus'suspicione,
560 2665 638 2706 cum
660 2666 767 2728 grano
797 2647 877 2711 salis
899 2626 1046 2731 antiqui·
1069 2703 1071 2708 .
1115 2688 1121 2707 .

55 2750 138 2811 tatis
162 2747 316 2829 dumeta,
335 2764 503 2832 quatenus
531 2751 570 2812 ad
591 2753 732 2816 Iudaeos
760 2758 952 2836 pertinent,
976 2758 1045 2820 col·

52 2869 228 2932 lustrans,
253 2853 316 2915 fide
347 2855 493 2933 fincera,
532 2873 688 2920 accurate
720 2861 932 2942 cogitateque
959 2861 1058 2925 refe.

54 2960 127 3024 rat!
166 2961 231 3023 Isti
252 2979 351 3036 vero,
379 2962 449 3022 etsi·
475 2973 639 3043 perquam
660 2982 785 3043 pauca,
807 2985 891 3047 quae
914 2966 952 3029 ad
976 2988 1047 3029 rem

56 3083 208 3156 nostram
231 3071 397 3145 attinent,
428 3070 465 3127 in
491 3067 589 3129 libris
612 3069 681 3130 suis
712 3067 887 3148 dederit,
891 3074 1047 3136 lubenter
1146 3097 1154 3108 ·

55 3189 171 3238 tamen
207 3195 303 3237 aures
338 3177 556 3257 animumque
608 3175 853 3259 adhibebimus,
900 3180 1046 3263 quando·

56 3280 193 3365 quidem
212 3280 311 3362 plura
340 3261 586 3343 desiderantur.
631 3283 706 3373 Qua
737 3299 850 3346 autem
872 3289 907 3344 in
930 3305 967 3347 re
991 3309 1045 3370 ap·

54 3392 167 3472 prime
189 3401 240 3451 est
263 3387 470 3466 cavendum,
505 3409 548 3449 ne
585 3406 711 3455 temere
744 3392 841 3465 fidem
864 3393 1045 3458 habeamus

54 3497 305 3559 narrationibus
348 3499 391 3587 5¹¹,
436 3490 553 3556 rerum
604 3499 869 3561 certissimarum
913 3502 1047 3590 delectu

58 3604 157 3666 avide
190 3602 345 3683 arreptis.
389 3599 569 3681 Ejusdem,
604 3614 769 3683 quatenus
791 3603 858 3667 huc
886 3610 1045 3690 inprimis

53 3716 248 3796 pertinent,
278 3709 379 3778 libros
401 3707 499 3771 habes
520 3702 722 3803 inscriptos:
748 3721 897 3791 Μαι-,φῆς
933 3721 1049 3792 atnam.
