2400 4478
112 561 279 623 Judaeum
309 556 486 647 Alexandr.
519 557 688 620 declarare
710 556 854 618 inclinat
874 557 1025 634 animus,
1056 575 1120 634 eo¹

114 660 388 730 conscribentem
410 666 570 757 consilio,
598 682 639 728 ut
656 668 836 728 vetustatis
855 663 990 746 vulgari
1008 665 1098 728 fama

113 793 329 840 consecratos
350 754 662 840 uitovc'titerarun
693 775 874 849 memoriae
903 771 1096 851 mandaret,
1161 801 1165 818 =

112 886 243 967 quibus
256 887 410 947 instituta
423 877 584 965 ‚quaedam
595 885 660 962 jam
673 880 805 962 pridem
818 880 981 956 solennia,
996 880 1098 942 histo-

111 995 169 1052 ria
184 989 268 1052 duce
283 1004 316 1052 et
331 990 509 1070 adjutrice,
530 992 672 1071 insuper
684 990 910 1053 firmarentur.
925 969 928 974 ⁸
941 989 1099 1075 Hinc‘se·

110 1102 257 1182 quitur,
285 1119 339 1162 res
368 1097 599 1181 quidem'non
624 1117 694 1160 esse
715 1099 827 1174 fictas,
856 1118 941 1181 quae
957 1088 1113 1189 relatae,
1137 1128 1158 1175 g

111 1211 232 1271 nescio
247 1227 314 1289 quo
328 1221 440 1288 pacto,
453 1207 584 1270 iudaeis
600 1192 694 1273 Alex.
709 1206 903 1276 acciderint,
922 1222 1034 1270 tamen
1046 1226 1100 1270 ex·
1196 1239 1198 1244 ·

112 1329 253 1376 ornatas
273 1312 465 1376 fabulosum
483 1316 596 1394 copia,
616 1316 700 1396 quin
721 1316 823 1376 etiam
842 1312 982 1376 refertas
1000 1316 1101 1375 mira-

115 1421 207 1482 culis
225 1435 260 1482 et
282 1420 457 1502 prodigiis.
498 1421 742 1482 Narrationum
761 1418 921 1501 videlicet
942 1420 1100 1499 illarum,

112 1546 202 1610 quas
225 1536 303 1588 cum
317 1540 456 1607 stupore
471 1525 613 1608 quodam
627 1518 905 1608 contemplamur,
916 1531 1125 1617 ‘materiem

112 1633 235 1714 (capp.
257 1633 286 1697 Ι.
304 1632 350 1695 11.
366 1632 447 1709 ΙΙΙ.)
466 1636 502 1692 in
521 1648 681 1713 tempora,
703 1611 787 1714 quae
800 1634 895 1693 nobis
912 1648 992 1695 sunt
1010 1647 1100 1694 trac·

110 1741 220 1803 tanda
249 1739 398 1803 incidere
430 1741 569 1800 minime
600 1742 805 1822 negaverim.
859 1726 1102 1808 Verumtamen

108 1845 360 1924 Bettholdtut,
375 1838 435 1928 riui
448 1867 525 1908 cum
538 1846 611 1906 aliis
626 1849 759 1907 remita
772 1865 965 1907 conversam
979 1847 1100 1929 voluit,

110 1968 160 2015 ut
181 1974 276 2035 reges
298 1968 559 2036 agnoscerentur
569 1943 778 2034 permutati,
801 1952 840 2037 de
853 1953 997 2017 Ptolem.
1022 1936 1116 2029 Piri-¹

98 2053 287 2142 lopatore‘
319 2059 429 2123 edicta
469 2061 508 2146 ati
538 2061 628 2123 Ptol.
650 2059 858 2138 Physconem
885 2077 996 2123 essent
1016 2063 1103 2124 refe·
1149 2122 1152 2127 ,

103 2167 245 2245 tenda,
277 2188 341 2230 nec
375 2187 445 2229 non
481 2159 689 2232 dvatw‘wds
720 2180 929 2245 statueretur
951 2169 1051 2247 (cil.
1073 2168 1100 2235 1.

110 2279 147 2358 ς.
163 2274 227 2347 295
248 2294 283 2355 p.
299 2272 396 2350 108t)
410 2292 493 2334 num
505 2288 597 2336 recte
613 2274 834 2355 judicaverit,
853 2275 888 2335 id
900 2296 1102 2358 magnpoere

99 2385 289 2451 addubito,
330 2383 552 2447 Permutandi
571 2400 605 2448 et
622 2389 768 2448 auctoris
782 2400 816 2448 et
830 2392 993 2470 temporis
1006 2408 1119 2466 causa⁵

109 2497 176 2558 iili
189 2494 293 2575 fuisse
304 2492 441 2556 videtur
454 2495 546 2557 istud
561 2494 843 2573 additamentum,
862 2517 929 2578 quo
941 2500 1103 2561 instruxit

115 2601 267 2689 Rufinus
280 2601 391 2662 Flavii
408 2601 543 2683 Iosephi
558 2603 704 2664 alterurn
721 2618 812 2668 cont.
833 2604 956 2685 Apion.
976 2605 1104 2667 librum

114 2708 187 2788 (ci.
209 2728 283 2790 cap.
301 2709 345 2789 V)
374 2728 413 2772 ex
433 2727 550 2790 graeca
571 2713 608 2771 in
629 2710 780 2794 linguam
800 2692 940 2774 latinam
963 2713 1104 2775 transla-

116 2823 211 2878 tum.
251 2812 335 2875 Inde
352 2796 515 2877 ¹mutuum
535 2818 638 2877 etiam
660 2836 782 2880 nexum
804 2821 896 2878 inter
917 2810 1103 2898 utrumque

113 2919 341 2986 statuendum
354 2940 424 2982 esse
434 2932 558 2987 censet.
582 2923 673 2985 Haec
688 2911 800 2993 autem
817 2927 854 2985 ab
877 2929 950 3007 ipso
963 2926 1106 3009 allegata

115 3040 338 3109 argumenta,
361 3025 447 3114 dum¹
461 3028 511 3090 H.
535 3027 652 3096 Gratis·
682 3027 722 3088 ad
742 3027 854 3094 Macc.
876 3031 939 3099 111.
963 3033 1050 3115 prol.
1071 3048 1106 3096 et

117 3140 155 3198 I.
179 3127 482 3215 ,6,Ἐῑοή1ιονηιϊ1.
501 3130 526 3192 1.
549 3153 583 3213 p.
596 3135 669 3203 278.
693 3154 767 3217 sqq.
786 3139 984 3202 confirmare
1006 3161 1104 3202 cona·

123 3256 185 3305 tus
202 3255 273 3316 est,
294 3261 377 3303 num
398 3220 641 3303 dubitationem
661 3242 837 3308 excludant
854 3230 1103 3330 quamcunque,

117 3346 212 3412 haud
226 3340 381 3429 equitiem
394 3351 472 3411 scio.
495 3348 842 3416 Lubenter'nimirum
854 3359 1027 3418 mittamus
1035 3357 1105 3420 Ru·

122 3460 232 3520 finum
253 3453 370 3542 ilium,
392 3460 494 3537 cujusx
510 3445 610 3519 fidem
626 3459 840 3538 historicam,
862 3482 930 3523 non
949 3467 986 3526 in
997 3469 1104 3548 ipsius
1149 3517 1153 3524 .

122 3567 285 3640 laudem,
320 3569 387 3626 viri
419 3567 509 3630 docti
539 3588 650 3650 nuper
681 3569 857 3651 explanare
888 3572 1104 3645 studuerunt.

128 3677 202 3739 Iam
230 3692 313 3736 vero
335 3669 570 3753 Be'rtholdtus,
598 3695 677 3739 cum
699 3681 939 3761 nequissimam
960 3699 995 3747 et
1016 3702 1104 3748 atro·
1182 3687 1183 3690 ’

126 3785 311 3859 tissimum,
334 3800 434 3862 quam
447 3779 486 3844 de
499 3780 588 3846 Ptol.
603 3781 770 3866 Philopat.
790 3789 827 3851 in
839 3793 942 3856 tertio
954 3791 1103 3857 Maccab.
1167 3784 1171 3793 ’
