2400 4478
489 298 824 376 *111-

187 512 252 578 que
285 494 422 574 demtis,
463 514 532 558 esse
559 500 677 580 utique
709 512 843 580 potest,
884 509 972 562 teste
1006 470 1162 580 historia,
1196 552 1198 563 1

187 594 410 691 1111111111οᾶ0111
438 606 584 687 populus
612 626 629 667 e
661 609 837 686 societate,
853 607 1060 689 quaevelet
1082 613 1163 672 inter
1194 641 1198 675 t

187 713 348 795 populos,
367 729 424 776 aut
446 715 523 794 ejici
562 727 620 776 aut
647 703 813 795 exstingui
840 732 875 779 11
903 718 1081 797 patietur,
1113 716 1198 784 11111

115 816 119 826 ’
188 825 303 902 omni„
320 841 386 904 qua
405 819 536 904 potest,
553 843 637 885 cura
659 826 851 906 ingenium)
872 820 963 905 quod
980 820 1100 902 forme
1118 845 1161 887 ex·
1190 855 1198 892 t

189 941 288 991 terna
315 931 467 991 omnium
489 929 549 990 vel
566 932 705 990 minime
725 929 869 1005 nititur,
899 929 964 989 sibi
984 934 1161 1013 proprium
1189 959 1198 1002 ι

87 1069 105 1095 =.
188 1051 314 1101 teneat.
336 1022 446 1119 ”Ego
481 1016 617 1119 quidem
654 1036 811 1100 lubenter
847 1037 1069 1121 confirmem,
1099 1058 1162 1101 nou
1191 1047 1198 1104 1

188 1132 289 1215 inodo
311 1141 352 1205 ad
374 1141 540 1239 populum
554 1142 749 1236 devictum,
770 1134 891 1206 verum
909 1146 1016 1205 etiam
1039 1147 1082 1209 ad
1098 1145 1159 1224 vic·
1191 1174 1198 1212 1

186 1266 296 1325 torem
317 1249 525 1315 conditiones
547 1252 676 1332 ingenii
695 1249 875 1313 incolumis
894 1250 1070 1333 retinendi
1090 1271 1160 1334 per·
1193 1284 1198 1319 2

136 1397 139 1407 =
187 1365 315 1426 tinere:
349 1363 483 1425 temetsi
506 1363 577 1440 ejus
598 1359 818 1422 conservandi
839 1379 951 1423 causas
973 1359 1159 1444 dignitatis·
1191 1391 1198 1428 t

188 1492 255 1556 que
274 1489 376 1563 verae
395 1468 570 1533 tuendae
560 1489 597 1530 m
617 1471 693 1550 ipso
712 1469 853 1551 populo
861 1470 1062 1567 praecipuas
1085 1489 1159 1531 cen·
1190 1496 1198 1532 ‹

113 1648 117 1655 ¹
188 1599 245 1642 seo
267 1596 338 1640 esse
359 1573 574 1658 quaerendas
629 1577 722 1657 Ergo
752 1577 849 1637 habes
878 1580 986 1638 instar
1007 1580 1198 1647 omnium·
1188 1618 1198 1660 k

187 1682 323 1763 illustre
343 1695 443 1762 atque
465 1681 625 1742 eximium
646 1683 754 1761 gentis
777 1679 927 1770 judaicae
949 1685 1198 1764 exemplum,
1186 1735 1196 1744 .

189 1810 291 1874 quae,
312 1791 366 1852 bis
382 1789 494 1864 mille,
515 1804 549 1851 et
576 1787 665 1869 quod
687 1793 850 1871 excurrit,
873 1807 975 1853 annos
994 1810 1060 1870 per
1083 1793 1158 1853 uni·
1184 1818 1193 1856 ε

189 1919 326 1964 versum
354 1900 468 1962 orbem
488 1901 657 1984 terrarurn
677 1897 823 1962 distenta
846 1913 880 1962 et
902 1898 1074 1980 distracta,
1112 1903 1162 1961 ci·
1183 1920 1198 1964 1

188 2010 398 2090 vitatisipsa
419 2010 672 2087 constitutione,
692 2010 802 2090 patrie
824 2011 995 2083 communi
1011 2011 1158 2090 privata,
1182 2044 1197 2091 i

185 2119 330 2179 nationis
353 2136 477 2179 nomen
497 2129 532 2176 et
561 2101 761 2198 dignitatem·
778 2106 943 2193 servavi't,
979 2131 1157 2199 propterea

188 2221 279 2304 quod
299 2220 429 2302 voluit,
451 2224 580 2302 sibique
602 2205 755 2284 constans
777 2222 976 2304 permansit.

174 2462 178 2470 ,
232 2378 240 2386 ’
268 2401 341 2461 ’11111
365 2401 395 2459 11
414 2401 464 2460 ite
482 2401 672 2481 praeparati
697 2402 823 2473 animo,
857 2406 968 2484 gentis
990 2405 1155 2484 judaicae,

95 2578 99 2588 ι
187 2506 296 2591 qualis
317 2502 442 2578 'fuerit¹
461 2506 522 2566 sub
544 2484 766 2599 Ptolemaeis,
792 2507 949 2571 hahemus
974 2515 1154 2588 rationem,
1193 2566 1198 2581 .

188 2615 375 2698 quaeritur,
396 2632 479 2675 num
500 2631 588 2688 esse,
610 2610 690 2673 dum
701 2631 844 2692 regnum
858 2617 954 2676 stetit
967 2618 1156 2693 incolume,
1194 2592 1198 2604 ¹

187 2743 255 2786 non
286 2714 441 2800 Hesierit,
472 2723 564 2832 natio
584 2739 668 2782 num
676 2723 886 2799 111111111111,
897 2722 1058 2789 libertate
1080 2728 1154 2791 licet

188 2825 334 2907 amissa?

189 2951 452 3034 Disquisitio
474 2954 608 3036 quidem
636 2910 795 3017 historice
810 2952 1067 3022 ,dubitationem
1081 2942 1161 3025 suhi

188 3076 258 3121 esse
279 3061 409 3138 patitur
440 3060 589 3138 nullam,
621 3075 775 3141 tamen,
785 3063 820 3124 id
857 3064 945 3148 quod
974 3064 1156 3150 disputatio

186 3166 266 3226 haec
296 3178 347 3226 111
359 3163 531 3244 coctura,
563 3167 726 3231 strictiori
734 3169 890 3250 quodam
913 3192 1024 3237 sensu.
1069 3176 1157 3240 Gens

187 3278 275 3336 enim
282 3247 427 3354 Juda1ca
434 3317 444 3352 ‚
466 3288 599 3337 tantum
619 3279 747 3381 alterat,
767 3293 807 3338 ut
828 3276 958 3343 devicta
976 3284 1082 3365 plene
1098 3280 1164 3350 sub'

186 3381 408 3473 Ptolmeeis
397 3404 434 3444 1n
461 3370 615 3466 Aegypto
647 3398 680 3446 et
711 3384 860 3464 subjecta
876 3378 1002 3468 posset
1021 3392 1154 3470 heberi,

84 3525 89 3538 x
186 3503 227 3550 ut
257 3509 335 3551 cum
364 3489 508 3574 quodam
535 3493 660 3554 honore
680 3495 717 3553 in
739 3494 911 3556 civitatem
931 3501 1152 3579 reciperetur.

187 3594 331 3678 Magnus
360 3597 424 3684 ille
442 3598 629 3663 Alexander
649 3619 718 3662 non
741 3602 873 3682 minus,
906 3623 1009 3686 puam
1039 3604 1155 3671 Ptole·
1195 3668 1198 3695 5

186 3712 363 3769 suecorum
374 3708 503 3788 priores
514 3751 525 3788 ‚
555 3712 723 3796 omnium2
746 3711 805 3793 qui
819 3713 1010 3795 congregati
1029 3727 1064 3776 et
1076 3716 1154 3781 111111
