<?xml version="1.0" encoding="UTF-8"?>
<!DOCTYPE html PUBLIC "-//W3C//DTD XHTML 1.0 Transitional//EN"
    "http://www.w3.org/TR/xhtml1/DTD/xhtml1-transitional.dtd">
<html xmlns="http://www.w3.org/1999/xhtml" xml:lang="en" lang="en">
 <head>
  <title>
</title>
<meta http-equiv="Content-Type" content="text/html;charset=utf-8" />
  <meta name='ocr-system' content='tesseract 3.04.00' />
  <meta name='ocr-capabilities' content='ocr_page ocr_carea ocr_par ocr_line ocrx_word'/>
</head>
<body>
  <div class='ocr_page' id='page_1' title='image "./quaestionumphil00schegoog_0011.png"; bbox 0 0 2400 4478; ppageno 0'>
   <div class='ocr_carea' id='block_1_1' title="bbox 0 263 929 3563">
    <p class='ocr_par' dir='ltr' id='par_1_1' title="bbox 11 263 928 882">
     <span class='ocr_line' id='line_1_1' title="bbox 16 263 928 362; baseline -0.009 -32"><span class='ocrx_word' id='word_1_1' title='bbox 16 268 172 349; x_wconf 73' lang='lat' dir='ltr'><strong>Apostoli</strong></span> <span class='ocrx_word' id='word_1_2' title='bbox 212 283 248 331; x_wconf 82' lang='lat' dir='ltr'><strong>et</strong></span> <span class='ocrx_word' id='word_1_3' title='bbox 275 265 424 331; x_wconf 87' lang='lat' dir='ltr'><strong>docendo</strong></span> <span class='ocrx_word' id='word_1_4' title='bbox 451 278 488 330; x_wconf 82' lang='lat' dir='ltr'><strong>et</strong></span> <span class='ocrx_word' id='word_1_5' title='bbox 517 264 646 350; x_wconf 84' lang='lat' dir='ltr'><strong>agendo</strong></span> <span class='ocrx_word' id='word_1_6' title='bbox 674 283 783 326; x_wconf 84' lang='lat' dir='ltr'><strong>novae</strong></span> <span class='ocrx_word' id='word_1_7' title='bbox 813 263 928 362; x_wconf 66' lang='lat' dir='ltr'><strong>religi«</strong></span> 
     </span>
     <span class='ocr_line' id='line_1_2' title="bbox 14 374 928 455; baseline -0.009 -16"><span class='ocrx_word' id='word_1_8' title='bbox 14 376 236 441; x_wconf 75' lang='lat' dir='ltr'><strong>fundamenta</strong></span> <span class='ocrx_word' id='word_1_9' title='bbox 253 378 380 455; x_wconf 86' lang='lat' dir='ltr'><strong>jecere,</strong></span> <span class='ocrx_word' id='word_1_10' title='bbox 399 396 553 439; x_wconf 73' lang='lat' dir='ltr'><strong>sermone</strong></span> <span class='ocrx_word' id='word_1_11' title='bbox 573 374 787 437; x_wconf 84' lang='lat' dir='ltr'><strong>hellenistico</strong></span> <span class='ocrx_word' id='word_1_12' title='bbox 808 390 928 432; x_wconf 78' lang='lat' dir='ltr'><strong>conset</strong></span> 
     </span>
     <span class='ocr_line' id='line_1_3' title="bbox 13 477 928 565; baseline -0.007 -20"><span class='ocrx_word' id='word_1_13' title='bbox 13 485 107 562; x_wconf 79' lang='lat' dir='ltr'><strong>rint,</strong></span> <span class='ocrx_word' id='word_1_14' title='bbox 150 497 226 545; x_wconf 89' lang='lat' dir='ltr'><strong>tum</strong></span> <span class='ocrx_word' id='word_1_15' title='bbox 248 486 340 545; x_wconf 88' lang='lat' dir='ltr'><strong>inter</strong></span> <span class='ocrx_word' id='word_1_16' title='bbox 361 486 470 565; x_wconf 82' lang='lat' dir='ltr'><strong>ipsam</strong></span> <span class='ocrx_word' id='word_1_17' title='bbox 491 496 644 565; x_wconf 85' lang='lat' dir='ltr'><strong>gentem,</strong></span> <span class='ocrx_word' id='word_1_18' title='bbox 673 501 713 541; x_wconf 87' lang='lat' dir='ltr'><strong>ex</strong></span> <span class='ocrx_word' id='word_1_19' title='bbox 734 498 800 561; x_wconf 90' lang='lat' dir='ltr'><strong>qua</strong></span> <span class='ocrx_word' id='word_1_20' title='bbox 821 477 928 541; x_wconf 88' lang='lat' dir='ltr'><strong>doctr</strong></span> 
     </span>
     <span class='ocr_line' id='line_1_4' title="bbox 11 580 928 674; baseline -0.004 -23"><span class='ocrx_word' id='word_1_21' title='bbox 11 589 206 671; x_wconf 71' lang='lat' dir='ltr'><strong>rssigionie,</strong></span> <span class='ocrx_word' id='word_1_22' title='bbox 224 580 341 673; x_wconf 62' lang='lat' dir='ltr'><strong>&#39;quam</strong></span> <span class='ocrx_word' id='word_1_23' title='bbox 379 611 442 652; x_wconf 81' lang='lat' dir='ltr'><strong>nos</strong></span> <span class='ocrx_word' id='word_1_24' title='bbox 481 593 699 674; x_wconf 85' lang='lat' dir='ltr'><strong>profitemur,</strong></span> <span class='ocrx_word' id='word_1_25' title='bbox 738 602 860 649; x_wconf 81' lang='lat' dir='ltr'>auctor</span> <span class='ocrx_word' id='word_1_26' title='bbox 897 610 928 648; x_wconf 61' lang='lat' dir='ltr'><strong>nt</strong></span> 
     </span>
     <span class='ocr_line' id='line_1_5' title="bbox 11 693 925 785; baseline -0.001 -28"><span class='ocrx_word' id='word_1_27' title='bbox 11 696 220 778; x_wconf 81' lang='lat' dir='ltr'><strong>perhibetur.</strong></span> <span class='ocrx_word' id='word_1_28' title='bbox 264 697 376 785; x_wconf 82' lang='lat' dir='ltr'><strong>Quare</strong></span> <span class='ocrx_word' id='word_1_29' title='bbox 395 697 486 765; x_wconf 84' lang='lat' dir='ltr'><strong>haud</strong></span> <span class='ocrx_word' id='word_1_30' title='bbox 504 701 644 780; x_wconf 80' lang='lat' dir='ltr'><strong>exiguus</strong></span> <span class='ocrx_word' id='word_1_31' title='bbox 663 693 818 777; x_wconf 83' lang='lat' dir='ltr'><strong>profecto</strong></span> <span class='ocrx_word' id='word_1_32' title='bbox 840 713 925 756; x_wconf 90' lang='lat' dir='ltr'><strong>cern</strong></span> 
     </span>
     <span class='ocr_line' id='line_1_6' title="bbox 12 803 900 882; baseline -0.005 -16"><span class='ocrx_word' id='word_1_33' title='bbox 12 823 181 866; x_wconf 80' lang='lat' dir='ltr'><strong>connexus</strong></span> <span class='ocrx_word' id='word_1_34' title='bbox 199 807 290 866; x_wconf 87' lang='lat' dir='ltr'><strong>inter</strong></span> <span class='ocrx_word' id='word_1_35' title='bbox 308 806 353 871; x_wconf 89' lang='lat' dir='ltr'><strong>N.</strong></span> <span class='ocrx_word' id='word_1_36' title='bbox 373 807 415 870; x_wconf 90' lang='lat' dir='ltr'><strong>T.</strong></span> <span class='ocrx_word' id='word_1_37' title='bbox 438 821 473 868; x_wconf 92' lang='lat' dir='ltr'><strong>et</strong></span> <span class='ocrx_word' id='word_1_38' title='bbox 491 805 642 868; x_wconf 82' lang='lat' dir='ltr'><strong>Philonia</strong></span> <span class='ocrx_word' id='word_1_39' title='bbox 663 803 786 878; x_wconf 82' lang='lat' dir='ltr'><strong>libror,</strong></span> <span class='ocrx_word' id='word_1_40' title='bbox 815 804 900 882; x_wconf 92' lang='lat' dir='ltr'><strong>qui,</strong></span> 
     </span>
    </p>

    <p class='ocr_par' dir='ltr' id='par_1_2' title="bbox 1 909 929 3242">
     <span class='ocr_line' id='line_1_7' title="bbox 15 909 928 993; baseline 0 -24"><span class='ocrx_word' id='word_1_41' title='bbox 15 909 208 973; x_wconf 81' lang='lat' dir='ltr'><strong>distinctius</strong></span> <span class='ocrx_word' id='word_1_42' title='bbox 230 927 369 973; x_wconf 88' lang='lat' dir='ltr'><strong>emetur</strong></span> <span class='ocrx_word' id='word_1_43' title='bbox 394 925 495 993; x_wconf 93' lang='lat' dir='ltr'><strong>atque</strong></span> <span class='ocrx_word' id='word_1_44' title='bbox 516 910 758 993; x_wconf 84' lang='lat' dir='ltr'>explicabitur,</span> <span class='ocrx_word' id='word_1_45' title='bbox 793 926 835 969; x_wconf 92' lang='lat' dir='ltr'><strong>eo</strong></span> <span class='ocrx_word' id='word_1_46' title='bbox 870 927 928 990; x_wconf 88' lang='lat' dir='ltr'><strong>gra</strong></span> 
     </span>
     <span class='ocr_line' id='line_1_8' title="bbox 13 1020 926 1104; baseline -0.003 -23"><span class='ocrx_word' id='word_1_47' title='bbox 13 1022 189 1101; x_wconf 77' lang='lat' dir='ltr'>apparebit</span> <span class='ocrx_word' id='word_1_48' title='bbox 214 1024 443 1103; x_wconf 74' lang='lat' dir='ltr'><strong>perscrutanti</strong></span> <span class='ocrx_word' id='word_1_49' title='bbox 460 1026 582 1104; x_wconf 90' lang='lat' dir='ltr'><strong>cuique</strong></span> <span class='ocrx_word' id='word_1_50' title='bbox 604 1022 715 1102; x_wconf 89' lang='lat' dir='ltr'><strong>prima</strong></span> <span class='ocrx_word' id='word_1_51' title='bbox 742 1021 834 1079; x_wconf 89' lang='lat' dir='ltr'><strong>circa</strong></span> <span class='ocrx_word' id='word_1_52' title='bbox 861 1020 926 1080; x_wconf 90' lang='lat' dir='ltr'><strong>reli</strong></span> 
     </span>
     <span class='ocr_line' id='line_1_9' title="bbox 11 1124 928 1207; baseline -0.002 -21"><span class='ocrx_word' id='word_1_53' title='bbox 11 1145 91 1186; x_wconf 88' lang='lat' dir='ltr'><strong>nem</strong></span> <span class='ocrx_word' id='word_1_54' title='bbox 112 1125 332 1187; x_wconf 75' lang='lat' dir='ltr'><strong>christianam</strong></span> <span class='ocrx_word' id='word_1_55' title='bbox 351 1140 515 1207; x_wconf 84' lang='lat' dir='ltr'><strong>tempora.</strong></span> <span class='ocrx_word' id='word_1_56' title='bbox 555 1125 629 1186; x_wconf 91' lang='lat' dir='ltr'><strong>Jam</strong></span> <span class='ocrx_word' id='word_1_57' title='bbox 654 1139 770 1186; x_wconf 81' lang='lat' dir='ltr'><strong>noster</strong></span> <span class='ocrx_word' id='word_1_58' title='bbox 787 1124 853 1186; x_wconf 88' lang='lat' dir='ltr'><strong>ille</strong></span> <span class='ocrx_word' id='word_1_59' title='bbox 873 1124 928 1188; x_wconf 87' lang='lat' dir='ltr'><strong>Ph:</strong></span> 
     </span>
     <span class='ocr_line' id='line_1_10' title="bbox 11 1229 928 1315; baseline -0.001 -24"><span class='ocrx_word' id='word_1_60' title='bbox 11 1245 54 1292; x_wconf 89' lang='lat' dir='ltr'><strong>ut</strong></span> <span class='ocrx_word' id='word_1_61' title='bbox 66 1229 270 1315; x_wconf 81' lang='lat' dir='ltr'><strong>Iudaeorum</strong></span> <span class='ocrx_word' id='word_1_62' title='bbox 280 1234 394 1313; x_wconf 88' lang='lat' dir='ltr'><strong>genti,</strong></span> <span class='ocrx_word' id='word_1_63' title='bbox 418 1233 517 1312; x_wconf 80' lang='lat' dir='ltr'><strong>eiqu‘e</strong></span> <span class='ocrx_word' id='word_1_64' title='bbox 534 1250 596 1312; x_wconf 90' lang='lat' dir='ltr'><strong>per</strong></span> <span class='ocrx_word' id='word_1_65' title='bbox 610 1230 805 1312; x_wconf 82' lang='lat' dir='ltr'><strong>Aegyptum</strong></span> <span class='ocrx_word' id='word_1_66' title='bbox 822 1231 928 1311; x_wconf 82' lang='lat' dir='ltr'><strong>disper</strong></span> 
     </span>
     <span class='ocr_line' id='line_1_11' title="bbox 12 1334 928 1420; baseline 0.002 -23"><span class='ocrx_word' id='word_1_67' title='bbox 12 1337 120 1398; x_wconf 73' lang='lat' dir='ltr'><strong>facile·</strong></span> <span class='ocrx_word' id='word_1_68' title='bbox 150 1341 310 1419; x_wconf 75' lang='lat' dir='ltr'><strong>princepe</strong></span> <span class='ocrx_word' id='word_1_69' title='bbox 346 1334 556 1419; x_wconf 70' lang='lat' dir='ltr'><strong>adscriptus,</strong></span> <span class='ocrx_word' id='word_1_70' title='bbox 590 1340 726 1420; x_wconf 88' lang='lat' dir='ltr'><strong>vigebat</strong></span> <span class='ocrx_word' id='word_1_71' title='bbox 744 1338 928 1400; x_wconf 82' lang='lat' dir='ltr'><strong>Alexandri</strong></span> 
     </span>
     <span class='ocr_line' id='line_1_12' title="bbox 12 1441 921 1525; baseline 0 -21"><span class='ocrx_word' id='word_1_72' title='bbox 12 1446 137 1505; x_wconf 82' lang='lat' dir='ltr'><strong>artium</strong></span> <span class='ocrx_word' id='word_1_73' title='bbox 166 1446 375 1524; x_wconf 85' lang='lat' dir='ltr'><strong>optimarum</strong></span> <span class='ocrx_word' id='word_1_74' title='bbox 400 1457 477 1505; x_wconf 90' lang='lat' dir='ltr'><strong>tum</strong></span> <span class='ocrx_word' id='word_1_75' title='bbox 505 1442 583 1505; x_wconf 83' lang='lat' dir='ltr'><strong>aede</strong></span> <span class='ocrx_word' id='word_1_76' title='bbox 607 1441 698 1504; x_wconf 86' lang='lat' dir='ltr'><strong>haud</strong></span> <span class='ocrx_word' id='word_1_77' title='bbox 723 1458 921 1525; x_wconf 85' lang='lat' dir='ltr'><strong>postrema,</strong></span> 
     </span>
     <span class='ocr_line' id='line_1_13' title="bbox 10 1529 928 1627; baseline 0.001 -21"><span class='ocrx_word' id='word_1_78' title='bbox 10 1529 194 1606; x_wconf 78' lang='lat' dir='ltr'><strong>excellebat</strong></span> <span class='ocrx_word' id='word_1_79' title='bbox 210 1558 246 1606; x_wconf 91' lang='lat' dir='ltr'><strong>et</strong></span> <span class='ocrx_word' id='word_1_80' title='bbox 278 1547 354 1627; x_wconf 82' lang='lat' dir='ltr'><strong>ipse</strong></span> <span class='ocrx_word' id='word_1_81' title='bbox 373 1545 552 1608; x_wconf 88' lang='lat' dir='ltr'><strong>literarum</strong></span> <span class='ocrx_word' id='word_1_82' title='bbox 575 1533 624 1606; x_wconf 87' lang='lat' dir='ltr'><strong>ac·</strong></span> <span class='ocrx_word' id='word_1_83' title='bbox 636 1545 837 1625; x_wconf 77' lang='lat' dir='ltr'><strong>disciplinae</strong></span> <span class='ocrx_word' id='word_1_84' title='bbox 862 1563 928 1609; x_wconf 76' lang='lat' dir='ltr'><strong>stu&lt;</strong></span> 
     </span>
     <span class='ocr_line' id='line_1_14' title="bbox 8 1630 928 1736; baseline 0.003 -26"><span class='ocrx_word' id='word_1_85' title='bbox 8 1649 125 1712; x_wconf 80' lang='lat' dir='ltr'><strong>Nobili</strong></span> <span class='ocrx_word' id='word_1_86' title='bbox 148 1639 226 1713; x_wconf 83' lang='lat' dir='ltr'><strong>loco</strong></span> <span class='ocrx_word' id='word_1_87' title='bbox 235 1665 336 1714; x_wconf 76' lang='lat' dir='ltr'><strong>natue</strong></span> <span class='ocrx_word' id='word_1_88' title='bbox 357 1630 439 1712; x_wconf 74' lang='lat' dir='ltr'><strong>inde</strong></span> <span class='ocrx_word' id='word_1_89' title='bbox 447 1668 465 1710; x_wconf 92' lang='lat' dir='ltr'><strong>a</strong></span> <span class='ocrx_word' id='word_1_90' title='bbox 477 1653 604 1712; x_wconf 76' lang='lat' dir='ltr'><strong>tenerit</strong></span> <span class='ocrx_word' id='word_1_91' title='bbox 622 1653 660 1711; x_wconf 88' lang='lat' dir='ltr'><strong>in</strong></span> <span class='ocrx_word' id='word_1_92' title='bbox 672 1665 812 1732; x_wconf 88' lang='lat' dir='ltr'><strong>patrum</strong></span> <span class='ocrx_word' id='word_1_93' title='bbox 824 1651 928 1736; x_wconf 79' lang='lat' dir='ltr'><strong>religi</strong></span> 
     </span>
     <span class='ocr_line' id='line_1_15' title="bbox 8 1758 928 1842; baseline 0.004 -21"><span class='ocrx_word' id='word_1_94' title='bbox 8 1780 141 1822; x_wconf 75' lang='lat' dir='ltr'><strong>summa</strong></span> <span class='ocrx_word' id='word_1_95' title='bbox 154 1780 237 1822; x_wconf 86' lang='lat' dir='ltr'><strong>cura</strong></span> <span class='ocrx_word' id='word_1_96' title='bbox 260 1780 298 1822; x_wconf 85' lang='lat' dir='ltr'><strong>ac</strong></span> <span class='ocrx_word' id='word_1_97' title='bbox 315 1758 492 1842; x_wconf 82' lang='lat' dir='ltr'><strong>diligentia</strong></span> <span class='ocrx_word' id='word_1_98' title='bbox 501 1758 723 1837; x_wconf 77' lang='lat' dir='ltr'><strong>informatur,</strong></span> <span class='ocrx_word' id='word_1_99' title='bbox 753 1763 814 1822; x_wconf 90' lang='lat' dir='ltr'><strong>ubi</strong></span> <span class='ocrx_word' id='word_1_100' title='bbox 827 1782 868 1824; x_wconf 84' lang='lat' dir='ltr'><strong>ex</strong></span> <span class='ocrx_word' id='word_1_101' title='bbox 880 1780 928 1825; x_wconf 80' lang='lat' dir='ltr'><strong>aet</strong></span> 
     </span>
     <span class='ocr_line' id='line_1_16' title="bbox 8 1865 928 1951; baseline 0.003 -24"><span class='ocrx_word' id='word_1_102' title='bbox 8 1866 136 1948; x_wconf 87' lang='lat' dir='ltr'><strong>puerili</strong></span> <span class='ocrx_word' id='word_1_103' title='bbox 158 1870 318 1943; x_wconf 74' lang='lat' dir='ltr'><strong>excessit,</strong></span> <span class='ocrx_word' id='word_1_104' title='bbox 338 1887 401 1927; x_wconf 93' lang='lat' dir='ltr'><strong>nec</strong></span> <span class='ocrx_word' id='word_1_105' title='bbox 414 1865 528 1927; x_wconf 88' lang='lat' dir='ltr'><strong>ullum</strong></span> <span class='ocrx_word' id='word_1_106' title='bbox 538 1868 629 1927; x_wconf 85' lang='lat' dir='ltr'><strong>vitae</strong></span> <span class='ocrx_word' id='word_1_107' title='bbox 651 1881 788 1946; x_wconf 87' lang='lat' dir='ltr'><strong>tempus</strong></span> <span class='ocrx_word' id='word_1_108' title='bbox 809 1888 830 1928; x_wconf 91' lang='lat' dir='ltr'><strong>a</strong></span> <span class='ocrx_word' id='word_1_109' title='bbox 855 1889 928 1951; x_wconf 70' lang='lat' dir='ltr'><strong>grat</strong></span> 
     </span>
     <span class='ocr_line' id='line_1_17' title="bbox 6 1969 928 2038; baseline 0.003 -5"><span class='ocrx_word' id='word_1_110' title='bbox 6 1990 85 2033; x_wconf 90' lang='lat' dir='ltr'><strong>rum</strong></span> <span class='ocrx_word' id='word_1_111' title='bbox 98 1971 279 2035; x_wconf 77' lang='lat' dir='ltr'><strong>liteiarum</strong></span> <span class='ocrx_word' id='word_1_112' title='bbox 290 1969 411 2035; x_wconf 80' lang='lat' dir='ltr'><strong>erudiit</strong></span> <span class='ocrx_word' id='word_1_113' title='bbox 425 1972 637 2034; x_wconf 75' lang='lat' dir='ltr'><strong>abhorruisse</strong></span> <span class='ocrx_word' id='word_1_114' title='bbox 645 1973 795 2036; x_wconf 83' lang='lat' dir='ltr'><strong>videtur:</strong></span> <span class='ocrx_word' id='word_1_115' title='bbox 810 1976 905 2038; x_wconf 89' lang='lat' dir='ltr'><strong>unde</strong></span> <span class='ocrx_word' id='word_1_116' title='bbox 919 1981 928 2036; x_wconf 89' lang='lat' dir='ltr'><strong>i</strong></span> 
     </span>
     <span class='ocr_line' id='line_1_18' title="bbox 7 2081 927 2168; baseline 0.004 -24"><span class='ocrx_word' id='word_1_117' title='bbox 7 2099 86 2144; x_wconf 87' lang='lat' dir='ltr'><strong>rum</strong></span> <span class='ocrx_word' id='word_1_118' title='bbox 105 2081 312 2163; x_wconf 72' lang='lat' dir='ltr'><strong>ampliaeima</strong></span> <span class='ocrx_word' id='word_1_119' title='bbox 335 2095 371 2142; x_wconf 92' lang='lat' dir='ltr'><strong>et</strong></span> <span class='ocrx_word' id='word_1_120' title='bbox 393 2097 566 2144; x_wconf 71' lang='lat' dir='ltr'><strong>accurrate</strong></span> <span class='ocrx_word' id='word_1_121' title='bbox 592 2087 759 2166; x_wconf 83' lang='lat' dir='ltr'><strong>cognitio,</strong></span> <span class='ocrx_word' id='word_1_122' title='bbox 789 2085 927 2168; x_wconf 83' lang='lat' dir='ltr'><strong>e&#39;gregia</strong></span> 
     </span>
     <span class='ocr_line' id='line_1_19' title="bbox 7 2190 928 2275; baseline 0.001 -23"><span class='ocrx_word' id='word_1_123' title='bbox 7 2194 199 2272; x_wconf 77' lang='lat' dir='ltr'><strong>quisitaque</strong></span> <span class='ocrx_word' id='word_1_124' title='bbox 222 2190 359 2273; x_wconf 79' lang='lat' dir='ltr'><strong>linguae</strong></span> <span class='ocrx_word' id='word_1_125' title='bbox 378 2193 520 2255; x_wconf 86' lang='lat' dir='ltr'><strong>acientia</strong></span> <span class='ocrx_word' id='word_1_126' title='bbox 533 2206 569 2254; x_wconf 92' lang='lat' dir='ltr'><strong>et</strong></span> <span class='ocrx_word' id='word_1_127' title='bbox 593 2212 711 2275; x_wconf 84' lang='lat' dir='ltr'><strong>graece</strong></span> <span class='ocrx_word' id='word_1_128' title='bbox 737 2196 928 2257; x_wconf 64' lang='lat' dir='ltr'><strong>scribendi«</strong></span> 
     </span>
     <span class='ocr_line' id='line_1_20' title="bbox 6 2294 929 2380; baseline 0.01 -24"><span class='ocrx_word' id='word_1_129' title='bbox 6 2299 133 2380; x_wconf 85' lang='lat' dir='ltr'><strong>gantia.</strong></span> <span class='ocrx_word' id='word_1_130' title='bbox 160 2294 370 2367; x_wconf 24' lang='lat' dir='ltr'><strong>,acerrimus</strong></span> <span class='ocrx_word' id='word_1_131' title='bbox 388 2311 496 2380; x_wconf 85' lang='lat' dir='ltr'><strong>atque</strong></span> <span class='ocrx_word' id='word_1_132' title='bbox 520 2294 679 2363; x_wconf 76' lang='lat' dir='ltr'><strong>strenuus</strong></span> <span class='ocrx_word' id='word_1_133' title='bbox 710 2298 789 2363; x_wconf 85' lang='lat' dir='ltr'><strong>fidei</strong></span> <span class='ocrx_word' id='word_1_134' title='bbox 814 2300 929 2365; x_wconf 83' lang='lat' dir='ltr'><strong>Mosai</strong></span> 
     </span>
     <span class='ocr_line' id='line_1_21' title="bbox 4 2400 928 2488; baseline 0.005 -27"><span class='ocrx_word' id='word_1_135' title='bbox 4 2400 130 2463; x_wconf 79' lang='lat' dir='ltr'><strong>vindex</strong></span> <span class='ocrx_word' id='word_1_136' title='bbox 151 2401 291 2467; x_wconf 79' lang='lat' dir='ltr'><strong>liberius</strong></span> <span class='ocrx_word' id='word_1_137' title='bbox 314 2405 534 2484; x_wconf 84' lang='lat' dir='ltr'><strong>impugnabat</strong></span> <span class='ocrx_word' id='word_1_138' title='bbox 549 2402 650 2466; x_wconf 91' lang='lat' dir='ltr'><strong>Philo</strong></span> <span class='ocrx_word' id='word_1_139' title='bbox 670 2405 789 2484; x_wconf 80' lang='lat' dir='ltr'><strong>falsae,</strong></span> <span class='ocrx_word' id='word_1_140' title='bbox 821 2429 928 2488; x_wconf 61' lang='lat' dir='ltr'><strong>quael</strong></span> 
     </span>
     <span class='ocr_line' id='line_1_22' title="bbox 6 2506 921 2592; baseline 0.004 -21"><span class='ocrx_word' id='word_1_141' title='bbox 6 2507 293 2586; x_wconf 82' lang='lat' dir='ltr'><strong>cumferebantur,</strong></span> <span class='ocrx_word' id='word_1_142' title='bbox 304 2506 345 2571; x_wconf 93' lang='lat' dir='ltr'><strong>de</strong></span> <span class='ocrx_word' id='word_1_143' title='bbox 359 2528 397 2571; x_wconf 87' lang='lat' dir='ltr'><strong>ea</strong></span> <span class='ocrx_word' id='word_1_144' title='bbox 410 2511 582 2590; x_wconf 77' lang='lat' dir='ltr'><strong>opiniones</strong></span> <span class='ocrx_word' id='word_1_145' title='bbox 596 2530 665 2572; x_wconf 91' lang='lat' dir='ltr'><strong>non</strong></span> <span class='ocrx_word' id='word_1_146' title='bbox 679 2515 802 2586; x_wconf 82' lang='lat' dir='ltr'><strong>minue,</strong></span> <span class='ocrx_word' id='word_1_147' title='bbox 815 2532 921 2592; x_wconf 82' lang='lat' dir='ltr'><strong>quam</strong></span> 
     </span>
     <span class='ocr_line' id='line_1_23' title="bbox 4 2619 928 2717; baseline 0.002 -37"><span class='ocrx_word' id='word_1_148' title='bbox 4 2620 137 2681; x_wconf 82' lang='lat' dir='ltr'><strong>minum</strong></span> <span class='ocrx_word' id='word_1_149' title='bbox 158 2621 382 2700; x_wconf 81' lang='lat' dir='ltr'><strong>pravitatem,</strong></span> <span class='ocrx_word' id='word_1_150' title='bbox 421 2639 505 2699; x_wconf 87' lang='lat' dir='ltr'><strong>quae</strong></span> <span class='ocrx_word' id='word_1_151' title='bbox 522 2619 698 2682; x_wconf 79' lang='lat' dir='ltr'><strong>funestum</strong></span> <span class='ocrx_word' id='word_1_152' title='bbox 720 2634 885 2717; x_wconf 73' lang='lat' dir='ltr'><strong>tanquam</strong></span> <span class='ocrx_word' id='word_1_153' title='bbox 903 2644 928 2684; x_wconf 74' lang='lat' dir='ltr'><strong>c«</strong></span> 
     </span>
     <span class='ocr_line' id='line_1_24' title="bbox 4 2724 916 2811; baseline 0.003 -26"><span class='ocrx_word' id='word_1_154' title='bbox 4 2726 135 2804; x_wconf 87' lang='lat' dir='ltr'><strong>tagium</strong></span> <span class='ocrx_word' id='word_1_155' title='bbox 169 2724 340 2789; x_wconf 72' lang='lat' dir='ltr'><strong>saeculum</strong></span> <span class='ocrx_word' id='word_1_156' title='bbox 361 2725 453 2811; x_wconf 80' lang='lat' dir='ltr'><strong>istud</strong></span> <span class='ocrx_word' id='word_1_157' title='bbox 475 2740 678 2807; x_wconf 78' lang='lat' dir='ltr'><strong>pervaserat.</strong></span> <span class='ocrx_word' id='word_1_158' title='bbox 731 2726 774 2787; x_wconf 88' lang='lat' dir='ltr'><strong>In</strong></span> <span class='ocrx_word' id='word_1_159' title='bbox 795 2744 916 2811; x_wconf 86' lang='lat' dir='ltr'><strong>¹rerum</strong></span> 
     </span>
     <span class='ocr_line' id='line_1_25' title="bbox 1 2835 928 2918; baseline 0.01 -27"><span class='ocrx_word' id='word_1_160' title='bbox 1 2836 161 2894; x_wconf 80' lang='lat' dir='ltr'><strong>vinarum</strong></span> <span class='ocrx_word' id='word_1_161' title='bbox 189 2836 329 2895; x_wconf 81' lang='lat' dir='ltr'><strong>scientia</strong></span> <span class='ocrx_word' id='word_1_162' title='bbox 358 2848 456 2896; x_wconf 84' lang='lat' dir='ltr'><strong>acute</strong></span> <span class='ocrx_word' id='word_1_163' title='bbox 478 2835 680 2918; x_wconf 88' lang='lat' dir='ltr'><strong>inquirenda</strong></span> <span class='ocrx_word' id='word_1_164' title='bbox 703 2837 864 2913; x_wconf 82' lang='lat' dir='ltr'><strong>eximius,</strong></span> <span class='ocrx_word' id='word_1_165' title='bbox 881 2860 928 2903; x_wconf 34' lang='lat' dir='ltr'><strong>,ue</strong></span> 
     </span>
     <span class='ocr_line' id='line_1_26' title="bbox 21 2928 928 3031; baseline 0.009 -32"><span class='ocrx_word' id='word_1_166' title='bbox 21 2958 80 2999; x_wconf 91' lang='lat' dir='ltr'><strong>um</strong></span> <span class='ocrx_word' id='word_1_167' title='bbox 104 2928 387 3031; x_wconf 63' lang='lat' dir='ltr'><strong>Philosophorum</strong></span> <span class='ocrx_word' id='word_1_168' title='bbox 411 2941 587 3023; x_wconf 86' lang='lat' dir='ltr'><strong>disciplina</strong></span> <span class='ocrx_word' id='word_1_169' title='bbox 618 2946 748 3023; x_wconf 88' lang='lat' dir='ltr'><strong>optime</strong></span> <span class='ocrx_word' id='word_1_170' title='bbox 767 2945 928 3008; x_wconf 76' lang='lat' dir='ltr'><strong>instructi</strong></span> 
     </span>
     <span class='ocr_line' id='line_1_27' title="bbox 1 3048 928 3141; baseline 0.01 -34"><span class='ocrx_word' id='word_1_171' title='bbox 1 3053 41 3111; x_wconf 88' lang='lat' dir='ltr'><strong>in</strong></span> <span class='ocrx_word' id='word_1_172' title='bbox 64 3051 209 3128; x_wconf 75' lang='lat' dir='ltr'><strong>artibus,</strong></span> <span class='ocrx_word' id='word_1_173' title='bbox 231 3068 317 3141; x_wconf 84' lang='lat' dir='ltr'><strong>quae</strong></span> <span class='ocrx_word' id='word_1_174' title='bbox 339 3048 378 3110; x_wconf 87' lang='lat' dir='ltr'><strong>ad</strong></span> <span class='ocrx_word' id='word_1_175' title='bbox 398 3050 642 3116; x_wconf 86' lang='lat' dir='ltr'><strong>humanitatem</strong></span> <span class='ocrx_word' id='word_1_176' title='bbox 663 3056 856 3135; x_wconf 84' lang='lat' dir='ltr'><strong>pertinent,</strong></span> <span class='ocrx_word' id='word_1_177' title='bbox 878 3077 928 3137; x_wconf 68' lang='lat' dir='ltr'><strong>pr«</strong></span> 
     </span>
     <span class='ocr_line' id='line_1_28' title="bbox 11 3140 902 3242; baseline 0.016 -32"><span class='ocrx_word' id='word_1_178' title='bbox 11 3167 171 3229; x_wconf 77' lang='lat' dir='ltr'><strong>creatur,</strong></span> <span class='ocrx_word' id='word_1_179' title='bbox 195 3140 330 3219; x_wconf 73' lang='lat' dir='ltr'><strong>uberius</strong></span> <span class='ocrx_word' id='word_1_180' title='bbox 361 3153 481 3234; x_wconf 84' lang='lat' dir='ltr'><strong>docet,</strong></span> <span class='ocrx_word' id='word_1_181' title='bbox 522 3161 613 3242; x_wconf 90' lang='lat' dir='ltr'><strong>quod</strong></span> <span class='ocrx_word' id='word_1_182' title='bbox 646 3148 812 3242; x_wconf 87' lang='lat' dir='ltr'><strong>agendum</strong></span> <span class='ocrx_word' id='word_1_183' title='bbox 837 3167 902 3241; x_wconf 83' lang='lat' dir='ltr'><strong>sit,</strong></span> 
     </span>
    </p>

    <p class='ocr_par' dir='ltr' id='par_1_3' title="bbox 0 3260 928 3563">
     <span class='ocr_line' id='line_1_29' title="bbox 0 3260 928 3355; baseline 0.013 -38"><span class='ocrx_word' id='word_1_184' title='bbox 0 3262 75 3317; x_wconf 70' lang='lat' dir='ltr'><strong>ileo</strong></span> <span class='ocrx_word' id='word_1_185' title='bbox 88 3260 280 3339; x_wconf 78' lang='lat' dir='ltr'><strong>probemur,</strong></span> <span class='ocrx_word' id='word_1_186' title='bbox 301 3260 392 3345; x_wconf 81' lang='lat' dir='ltr'><strong>quod</strong></span> <span class='ocrx_word' id='word_1_187' title='bbox 408 3261 616 3348; x_wconf 80' lang='lat' dir='ltr'><strong>fugiendum.</strong></span> <span class='ocrx_word' id='word_1_188' title='bbox 647 3263 775 3355; x_wconf 83' lang='lat' dir='ltr'><strong>Quodsi</strong></span> <span class='ocrx_word' id='word_1_189' title='bbox 795 3288 878 3328; x_wconf 78' lang='lat' dir='ltr'><strong>vero</strong></span> <span class='ocrx_word' id='word_1_190' title='bbox 900 3268 928 3329; x_wconf 72' lang='lat' dir='ltr'><strong>h:</strong></span> 
     </span>
     <span class='ocr_line' id='line_1_30' title="bbox 3 3361 928 3456; baseline 0.016 -33"><span class='ocrx_word' id='word_1_191' title='bbox 3 3361 68 3424; x_wconf 86' lang='lat' dir='ltr'><strong>ola</strong></span> <span class='ocrx_word' id='word_1_192' title='bbox 91 3362 166 3447; x_wconf 82' lang='lat' dir='ltr'><strong>lege</strong></span> <span class='ocrx_word' id='word_1_193' title='bbox 185 3367 329 3429; x_wconf 72' lang='lat' dir='ltr'><strong>mosaica</strong></span> <span class='ocrx_word' id='word_1_194' title='bbox 367 3370 441 3435; x_wconf 81' lang='lat' dir='ltr'><strong>fieri</strong></span> <span class='ocrx_word' id='word_1_195' title='bbox 466 3377 586 3455; x_wconf 89' lang='lat' dir='ltr'><strong>utique</strong></span> <span class='ocrx_word' id='word_1_196' title='bbox 610 3396 678 3436; x_wconf 90' lang='lat' dir='ltr'><strong>nun</strong></span> <span class='ocrx_word' id='word_1_197' title='bbox 701 3384 879 3456; x_wconf 83' lang='lat' dir='ltr'><strong>poterant,</strong></span> <span class='ocrx_word' id='word_1_198' title='bbox 903 3390 928 3437; x_wconf 87' lang='grc' dir='ltr'><strong>ιι</strong></span> 
     </span>
     <span class='ocr_line' id='line_1_31' title="bbox 6 3474 928 3563; baseline 0.013 -33"><span class='ocrx_word' id='word_1_199' title='bbox 6 3488 119 3533; x_wconf 88' lang='lat' dir='ltr'><strong>ovam</strong></span> <span class='ocrx_word' id='word_1_200' title='bbox 144 3490 181 3535; x_wconf 83' lang='lat' dir='ltr'><strong>tc</strong></span> <span class='ocrx_word' id='word_1_201' title='bbox 209 3475 381 3541; x_wconf 69' lang='lat' dir='ltr'><strong>insolitam</strong></span> <span class='ocrx_word' id='word_1_202' title='bbox 406 3482 653 3563; x_wconf 84' lang='lat' dir='ltr'><strong>interpretandi</strong></span> <span class='ocrx_word' id='word_1_203' title='bbox 689 3474 857 3544; x_wconf 82' lang='lat' dir='ltr'><strong>rationem</strong></span> <span class='ocrx_word' id='word_1_204' title='bbox 884 3482 928 3543; x_wconf 87' lang='lat' dir='ltr'><strong>ad</strong></span> 
     </span>
    </p>
   </div>
   <div class='ocr_carea' id='block_1_2' title="bbox 0 0 1204 4478">
    <p class='ocr_par' dir='ltr' id='par_1_4' title="bbox 0 0 1204 4478">
     <span class='ocr_line' id='line_1_32' title="bbox 0 0 1204 4478; baseline 0 1"><span class='ocrx_word' id='word_1_205' title='bbox 0 0 1204 4478; x_wconf 95' lang='lat' dir='ltr'><strong> </strong></span> 
     </span>
    </p>
   </div>
  </div>
 </body>
</html>
