2400 4478
255 314 520 451 ·'‚¹-
592 346 764 433 cc·-

117 550 324 617 revelatione
354 550 517 615 divinitus
547 549 732 633 patefacta,
770 550 1081 615 extraordinarias
1109 596 1111 605 .

51 720 55 733 .
118 663 370 746 supernaturali
411 665 608 742 nitebatur,
651 658 741 745 quod
774 665 977 744 beneficium
1007 664 1110 727 Deus-³

118 770 310 831 hominibus
332 788 393 851 per
415 767 535 831 Mosen
556 770 717 852 largitum
735 758 891 857 fuisset„
922 772 989 856 Ille
1010 774 1081 856 pria:
1103 760 1129 811 (ὲ

121 881 203 960 cipil
233 879 287 941 sui
315 897 353 939 ac
383 879 570 939 sententiae
598 877 793 938 firmitatem
821 891 927 959 atque
953 892 1083 942 constans
1121 858 1129 911 7

118 990 221 1063 tiam,
242 983 501 1047 saiou¹lzominis
522 996 667 1061 notura,
697 980 828 1045 rationo
847 986 1017 1063 praediti,
1042 983 1081 1043 hit
1102 984 1105 992 '

119 1093 290 1155 doctrinae
320 1089 460 1152 coelitus
488 1092 610 1151 missae
633 1082 848 1151 sanctitatem
880 1068 983 1171 atque
1008 1090 1080 1151 veri·
1106 1074 1128 1111 ³

116 1212 242 1273 tatem,
275 1197 373 1258 solva
395 1195 468 1257 Dei
488 1197 636 1272 supremi
651 1170 781 1285 ‘natura
809 1195 923 1275 (ejus,
949 1188 1081 1279 quierat

118 1283 195 1407 pilati
209 1293 272 1382 SR,
300 1305 556 1386 potentissimus
584 1323 621 1364 ac
643 1302 931 1385 perfectissimus,
964 1309 1085 1391 coellet
1119 1380 1129 1388 ι

119 1447 229 1494 terrae
250 1449 421 1512 possessor
442 1430 526 1495 Gen.
542 1437 599 1508 ill,
616 1429 673 1511 22)
697 1446 759 1492 nec
782 1432 901 1511 negari
923 1450 984 1491 nec
1004 1428 1088 1508 abjici
1112 1462 1129 1519 ,-

118 1554 215 1616 posse
234 1538 452 1600 existimabat.
477 1537 565 1622 Quid
580 1539 717 1625 itaque?
739 1537 850 1597 Homo
862 1535 1021 1615 Judaeus,
1041 1536 1088 1617 qui
1113 1602 1116 1615 ,

120 1652 229 1721 neque
249 1660 346 1702 verae
361 1647 499 1702 rationis
517 1665 682 1725 sanaeque
700 1648 825 1706 mentis
838 1659 1024 1741 expertem,
1043 1663 1129 1723 nes,

120 1768 186 1830 que
206 1750 352 1830 impium
376 1766 411 1808 se
428 1749 542 1810 haberi
562 1749 710 1826 volebat,
733 1752 945 1817 contremuit.
989 1749 1090 1833 Quare
1123 1800 1129 1821 ,.

118 1857 211 1916 omni
229 1874 332 1935 opera
349 1855 525 1933 religionis
540 1856 692 1932 judaicae
707 1849 891 1917 luminibus
904 1868 975 1917 erat
989 1853 1091 1917 elabo-

117 1961 278 2037 randum,
299 1975 358 2038 ut,
381 1961 494 2022 silleri
513 1976 644 2042 posset,
676 1965 845 2042 principia
867 1965 957 2022 inter
978 1978 1012 2020 se
1033 1974 1094 2020 tam
1124 2000 1129 2017 ἢ

121 2067 345 2149 discrepantia
365 2068 654 2150 conjungerentur
670 2089 705 2130 ac
726 2052 1032 2150 compingerentur.
1053 2065 1094 2126 Ibi
1126 2082 1128 2089 ’

123 2179 215 2247 enim
228 2180 545 2239 controversiarum
567 2166 779 2257 compositio!
806 2177 855 2236 ibi
876 2175 995 2240 salutis
1018 2171 1094 2262 spes!

211 2307 302 2393 Quae
325 2327 400 2368 cum
424 2309 473 2366 ita
494 2311 581 2385 sint,
602 2311 713 2368 omnia
732 2308 804 2369 fere
820 2310 1035 2390 ingeniorum
1052 2309 1093 2384 ju·

119 2419 291 2482 daicorum
319 2415 428 2476 studia
459 2436 497 2476 eo
532 2420 751 2479 continentur
772 2419 872 2500 loco,
902 2433 943 2480 ut
965 2419 1094 2480 diversa·

62 2532 64 2537 ’
120 2545 198 2588 rum
216 2515 465 2590 sententiarum
488 2528 676 2599 communis
696 2527 789 2592 radix
808 2529 1019 2609 reperiatur,
1039 2541 1093 2605 qua

121 2652 256 2720 reperta
272 2634 332 2700 ille
350 2624 517 2698 dissensus
537 2659 554 2698 e
572 2638 681 2702 medio
700 2642 806 2718 possit
823 2639 913 2703 tolli.
940 2638 1048 2724 Quam
1062 2634 1093 2693 ob

120 2765 193 2817 rem
209 2745 276 2823 ndn
299 2742 410 2813 solum
429 2743 690 2829 Tlicologpmena
704 2757 740 2804 et
759 2741 1053 2822 ‚Theosoptumena
1065 2758 1094 2800 ex

124 2850 264 2929 Oriente
282 2849 434 2942 profecta
447 2851 538 2914 inter
555 2869 604 2927 se,
620 2830 740 2911 verum
758 2853 856 2910 etiam
871 2868 948 2916 cum
965 2847 1094 2909 Graeco-

33 2950 37 2958 ’
122 2976 200 3019 rum
212 2959 375 3038 sapientia
386 2972 419 3018 et
433 2955 953 3039 superstitionibusAegyptiacis
967 2954 1094 3034 coujun-

123 3077 251 3147 guntur
277 3077 378 3143 atque
407 3060 679 3130 commiscentur.
720 3066 766 3132 Et
792 3042 961 3146 piincipio
984 3079 1093 3145 cogno·

125 3172 255 3249 scendi,
286 3171 374 3252 quod
401 3173 439 3230 in
461 3172 684 3233 intellectuali
707 3174 888 3245 intuitione
911 3150 1093 3250 quaeritur,

124 3280 192 3357 jam
214 3279 416 3351 constituto,
447 3278 562 3337 literae
584 3296 696 3341 sacrae
718 3277 759 3348 V.
781 3277 839 3355 T„
863 3290 1030 3361 tanquam
1048 3291 1093 3335 va·

124 3386 277 3451 hiculum
299 3398 494 3473 externum,
514 3405 532 3446 a
553 3385 678 3452 Iudaeo
700 3385 889 3466 suppositae
910 3397 1001 3457 suut.
1043 3381 1095 3441 His

124 3496 297 3574 perpensis
327 3510 360 3555 et
389 3494 561 3569 communi
588 3493 651 3555 hoc
673 3495 854 3572 sapientiae
883 3490 979 3552 fonte
1002 3488 1096 3569 probe

49 3617 52 3628 '
126 3604 295 3679 inspecto,
319 3600 402 3680 hanc
424 3597 587 3685 sequutus
610 3613 661 3668 est
683 3600 826 3680 iudaeus
848 3593 1098 3683 argumentandi

126 3711 306 3772 rationem:
