2408 4492
461 378 759 450 ...37-

196 638 201 656 x
231 566 312 655 llus
343 565 538 646 accedebat,
581 566 671 650 quod
700 566 839 648 ludaei,
880 572 917 631 in
947 568 1102 654 Aegypto
1165 564 1168 571 ’

87 675 280 752 πωπω,
317 679 419 753 mira,
455 696 570 758 eaque⁴
589 677 736 739 tristiori
771 679 875 738 animi
909 676 1102 756 affectione„

111 805 205 868 quae
225 787 293 865 jam
315 786 445 867 pridem
463 769 626 867 perhanc
645 800 772 848 terram
789 786 893 847 latius
916 803 1101 869 serpserat,

113 907 199 979 sunt
228 898 392 975 correpti.'
453 894 543 957 Gens
573 896 682 971 enim,
716 913 799 977 quae
831 895 1015 955 secundum
1048 917 1101 958 ex·

108 998 231 1083 pres'sa
250 1001 420 1067 doctrinae
434 1001 598 1064 divinitus
612 1001 796 1084 patefactae
811 1000 911 1063 effata
927 1021 1010 1084 prae
1028 1022 1099 1064 cae·

112 1112 200 1167 teris
228 1109 403 1186 probatam
432 1127 465 1170 se
487 1106 629 1188 Deoque
651 1122 820 1188 acceptam
842 1107 1015 1186 credebat,
1048 1127 1099 1170 ae·

113 1232 183 1293 quo
204 1217 260 1276 vix
273 1218 384 1276 animo
398 1198 487 1277 ferre
501 1215 535 1276 id
548 1230 699 1293 poterat,
723 1213 812 1298 quod
832 1216 1099 1305 totucalamitati·

110 1321 193 1396 bus,
217 1336 270 1382 tot
293 1325 418 1383 acerbis
439 1336 516 1404 post
536 1321 713 1410 hominum
734 1323 929 1382 memoriam
952 1322 1097 1383 miseriis

108 1443 202 1490 esset
225 1428 358 1492 afflicta.
405 1431 528 1490 Tristis
550 1431 641 1490 enim
663 1445 780 1488 earum
800 1425 1006 1499 recordatio,
1033 1428 1098 1486 ini·

108 1556 182 1625 quo
203 1539 351 1598 animum
370 1536 511 1618 implere
526 1556 696 1610 moerore,
717 1549 752 1597 et
769 1515 998 1603 mentemhuc
1012 1534 1097 1606 illue

108 1643 292 1723 cogitando
314 1645 447 1706 trahere
476 1647 662 1726 oportebat.
724 1639 918 1704 Aerumnae
939 1633 1097 1722 gravissi}

105 1767 204 1822 mae,
227 1769 243 1808 a
265 1751 398 1831 regibus
417 1767 451 1814 et
468 1753 608 1832 privatis
628 1752 710 1818 viris
729 1747 861 1810 ludaeis
882 1751 919 1808 in
931 1740 1095 1831 'Aegypto

105 1855 245 1931 illatae,
274 1860 473 1937 quibuscum
499 1846 561 1939 per
584 1870 697 1920 totum
720 1855 994 1919 Ptolemaeorum
1025 1876 1095 1920 sae·

106 1963 230 2039 culum
245 1966 368 2041 passim
384 1977 456 2025 erat
468 1962 774 2038 colluctandum,(³
784 1960 798 2036 )
809 1960 945 2036 animos,
958 1967 1093 2025 moesti·

102 2075 157 2134 tia
181 2068 326 2149 quadam
348 2085 449 2152 atque
472 2073 665 2131 morositate
688 2067 877 2130 affecerant.
930 2069 1090 2132 Attamen
1193 2077 1198 2091 '

91 2174 258 2265 ·ir!·ipsis
285 2163 534 2250 'calamitatibus
557 2189 591 2237 et
612 2155 727 2248 malis,
761 2171 870 2254 quod,
904 2172 1093 2263 siquidem

103 2286 158 2343 rei
187 2282 350 2362 gerendae
378 2285 485 2344 omnis
516 2285 567 2344 vis
596 2302 665 2343 non
690 2283 850 2363 perierit,
884 2281 959 2341 fieri
988 2283 1093 2361 solet,

105 2406 167 2453 aut
197 2393 344 2465 animose
373 2390 488 2453 ludaei
517 2404 788 2468 resurrexerant,
820 2404 854 2451 et
880 2368 982 2453 ‘rebus
1012 2409 1091 2452 cum
1164 2423 1168 2432 ·

107 2498 285 2558 alacritate
314 2510 348 2557 et
374 2495 575 2559 fortitudine
605 2499 706 2579 gestis
733 2498 999 2576 praeteritorum
1021 2515 1091 2559 ma·

106 2601 221 2664 lorum
251 2607 447 2665 memoriam
485 2603 596 2666 delere
632 2603 850 2681 studuerant,
892 2617 951 2666 aut
984 2607 1090 2686 magis

107 2712 302 2792 magisque,
333 2711 443 2790 quod,
475 2715 505 2773 si
536 2709 673 2794 quidem
699 2710 943 2772 imbecillitatis
974 2727 1090 2772 sensus

109 2821 254 2880 nimium
275 2818 428 2880 inhaeret
451 2833 552 2903 atque
574 2821 761 2900 praevalet,
783 2817 869 2912 solet
890 2816 982 2893 lieri,
1003 2817 1090 2899 lapsi

109 2924 203 2984 avide
232 2917 438 3006 arripiebant
459 2924 683 3007 quodcunque
710 2920 871 2995 auxilium
894 2932 1091 3000 externum,

109 3023 288 3085 dummodo
321 3021 462 3083 fulciret
495 3024 644 3085 animum
675 3021 892 3080 vehementer
927 3015 1087 3083 fractum.

107 3122 227 3203 Itaque
259 3127 409 3186 animum
444 3121 684 3200 convertebant
714 3117 753 3178 ad
785 3098 1023 3199 cogitalionem
1053 3131 1089 3178 et

109 3219 429 3300 contemplationem
446 3219 603 3280 Numinis
627 3216 751 3292 divini,
774 3213 864 3297 quod
886 3228 921 3274 et
943 3216 1087 3292 spiritus

107 3336 142 3383 et
164 3340 262 3382 causa
284 3327 435 3384 omnium
457 3338 573 3384 rerum
595 3317 664 3393 sola
685 3317 852 3411 efficiens,
874 3312 999 3376 mundo
1016 3308 1086 3378 non

110 3445 398 3465 Μ

140 3503 173 3572 3)
197 3503 233 3554 cf.
252 3503 303 3554 ιιι.
322 3503 455 3559 Macies.
472 3505 569 3560 1-s.
590 3497 726 3556 statmo.
750 3501 782 3554 aa
800 3499 909 3555 cmm.
927 3518 956 3573 p.
968 3476 1036 3556 rsor
1053 3525 1088 3540 -
1193 3464 1195 3471 ’

177 3594 213 3646 10
230 3606 291 3642 exe.
309 3590 346 3644 H.
368 3591 462 3661 Stcpli.
479 3591 589 3662 Ioseph.
610 3608 635 3642 c.
654 3591 760 3660 Apiom
781 3590 826 3649 Il,
852 3590 876 3646 5.
932 3587 1016 3641 Diod.
1030 3586 1085 3641 Sic.
1110 3578 1113 3583 ξ

178 3679 277 3752 fragm.
293 3677 345 3740 32,
362 3680 406 3734 94.
424 3677 467 3737 30.
484 3680 536 3751 37„
564 3679 660 3763 Athen,
680 3678 857 3748 Deip11.Vl‚
875 3675 926 3737 25>
944 3674 999 3734 Vl»
1017 3673 1087 3732 9823

175 3767 278 3823 Jr-oln.
296 3767 349 3827 33,
375 3770 401 3822 8.
1108 3766 1112 3774 “
