2408 4492
613 347 616 357 ,
1065 293 1079 335 i

555 362 600 444 2,
680 389 722 402 ..

89 559 180 617 ione
203 573 239 614 ac
262 551 428 622 moribus,
459 547 693 632 quibus-domi
714 561 974 627 consueverant,
999 549 1064 614 dis·
1128 631 1135 647 x

89 664 192 722 raeti
224 679 240 720 a
269 656 497 718 familiaritate
521 675 602 716 cum
630 658 721 733 suis,
755 655 906 718 homines
928 660 1065 720 omnino
1099 685 1101 692 ·
1193 664 1197 675 '

89 770 290 829 :ommutati
319 779 470 843 tempore
501 763 664 822 nimirum
698 761 953 842 progrediente,
982 763 1065 826 licet

89 897 148 958 ape
183 889 216 937 et
250 873 510 955 exspectatione
531 870 673 945 lentius,
719 848 903 933 evaderent
930 890 1066 934 necesse
1097 857 1112 864 ⁵

89 989 193 1047 ‘trata
225 955 321 1067 Quot·l
342 979 515 1052 nationes,
552 989 605 1037 tot
633 994 761 1054 mores,
794 989 846 1038 tot
875 979 999 1040 artium
1030 999 1067 1040 ao
1116 1036 1124 1050 ,

89 1081 320 1171 loctrinarum
348 1087 475 1149 formae
503 1084 727 1162 Alexandriae
749 1087 919 1169 vigebant.
976 1088 1069 1177 Quae

89 1220 183 1277 vero,
203 1199 357 1280 quamvis
376 1195 564 1277 plurimum
583 1193 793 1256 contulerint
812 1191 851 1254 ad
867 1193 1069 1257 ludaeorum

92 1309 237 1384 animos,
261 1303 482 1375 ne‘aby-omni
504 1303 576 1361 vita
595 1280 765 1381 inquibati
785 1303 1068 1380 perturbarentur

96 1433 132 1476 ac
158 1398 270 1476 totum
299 1392 607 1485 confunderentur,
647 1409 773 1509 arctius
792 1408 1069 1496 pcnjungendos,
1105 1401 1110 1409 ⁸

98 1532 208 1581 tamen
230 1520 376 1601 gravitas
396 1518 433 1576 in
456 1513 651 1596 cogitando,
679 1514 841 1576 severitas
863 1529 897 1576 et
918 1518 1011 1596 rigor
1031 1520 1069 1580 in
1140 1568 1143 1572 .

94 1624 240 1713 agendo,
285 1624 442 1683 sanctitas
479 1623 516 1681 in
547 1618 693 1680 vivendo
721 1615 785 1681 vel
807 1623 916 1684 invita
944 1625 1069 1684 sensim

89 1738 233 1799 remissa
260 1733 475 1821 leniebatur„
507 1729 626 1811 Neque
646 1730 726 1791 haec
747 1732 940 1810 miraberis,
966 1736 994 1796 si
1017 1753 1070 1795 ac·

91 1836 243 1909 ,curatius
266 1833 465 1924 quaesieris,
481 1835 546 1920 ¹qui
565 1839 657 1903 ,olim
671 1827 818 1919 fuerint,
843 1841 957 1920 quales
978 1862 1070 1906 nunc

102 1954 177 2014 tint.
219 1950 378 2010 Rationes
400 1945 518 2024 planae
539 1931 738 2019 immutatae
760 1944 1071 2030 deprehenduntur,¹
1161 1959 1163 1970 '

102 2037 213 2125 iudaei
242 2056 395 2117 enimin
421 2070 510 2112 novo
531 2070 568 2112 ac
590 2026 728 2141 insolito
747 2072 863 2116 rerum
884 2046 975 2118 statu
996 2077 1074 2119 cum

101 2169 215 2231 multis
234 2164 329 2239 aliis,
353 2180 498 2245 quorum
529 2160 650 2222 auxilio
672 2144 802 2244 saepius
824 2164 980 2245 egebant,
1000 2169 1076 2246 pari

103 2252 160 2338 sub
182 2269 374 2334 conditlone
396 2270 573 2345 vivebant,
594 2268 745 2330 nondum
769 2271 840 2332 visa
857 2273 1073 2354 quootidiano
1156 2344 1158 2351 ¹

103 2401 164 2447 usu
184 2379 289 2442 oculis
310 2392 390 2440 sunt
408 2379 554 2456 objecta,
576 2374 781 2440 admirabilia
800 2380 928 2461 audita,
952 2399 985 2445 et
1003 2403 1074 2444 om·
1121 2357 1142 2374 Ἴ

104 2493 156 2552 nia
177 2509 213 2550 ea
235 2480 464 2567 suppeditata,
487 2485 607 2565 quibus
629 2487 698 2546 vita
721 2487 892 2549 commoda
909 2501 943 2551 et
962 2489 1074 2552 mollis

105 2612 239 2678 paratur
262 2609 361 2676 atque
382 2590 535 2652 fovetur:
558 2611 596 2652 ex
611 2592 774 2670 ¹inopibus
796 2595 951 2674 opulenti
972 2579 1073 2674 facti,
1169 2574 1173 2593 ¹

105 2723 142 2766 ex
167 2677 317 2764 'civitatis
352 2698 460 2759 forma
492 2698 695 2760 theocratica
727 2701 763 2759 in
801 2701 938 2762 alterain
972 2701 1074 2784 longe

107 2811 176 2876 aliis
190 2791 334 2894 'legibus
361 2808 594 2890 gubernatam¹
609 2808 823 2874 transierant.
874 2806 964 2872 Hinc
992 2828 1075 2892 quo-

89 2945 176 3019 -que
190 2921 326 2986 ¹iactum
347 2904 415 2994 last,
449 2933 490 2980 ut
510 2936 588 2980 suae
610 2919 720 3000 gentis
743 2932 776 2981 et
798 2922 924 3002 veteris
947 2935 1075 2999 terrae,
1135 2931 1137 2935 ’

105 3047 240 3115 patrum
267 3026 460 3108 religionis,
486 3043 620 3086 morum
648 3041 683 3088 et
711 3029 873 3087 sermonis
902 3029 1077 3092 vernaculi

105 3141 253 3230 studium
281 3155 458 3218 amorque,
491 3138 623 3197 etiamsi
650 3135 751 3218 plane
781 3158 850 3219 non
872 3143 1076 3218 exstinctus,

103 3250 320 3332 languescens
341 3261 453 3309 tamen
474 3245 694 3307 inveniretur.
724 3247 768 3308 Et
789 3262 906 3323 vatum
927 3247 1076 3326 iliorum,

105 3358 163 3439 qui
178 3334 347 3438 quondam»
358 3350 491 3429 oracula
510 3347 689 3433 sapientiae
705 3369 738 3417 et
755 3375 952 3436 arcanorum
965 3355 1077 3438 plena,
1170 3359 1172 3362 ⁴

103 3481 139 3531 et
167 3452 342 3548 praeclara
376 3460 528 3539 altioris,
564 3436 670 3524 dlvini
704 3467 844 3545 spiritus
877 3442 1077 3528 documenta

102 3572 299 3648 voluerant,
311 3582 351 3651 et
369 3569 526 3646 monendi
547 3584 581 3634 et
597 3571 818 3653 promittendi
835 3576 958 3656 gratia,
979 3593 1079 3637 voces

99 3681 237 3745 divinae
269 3677 518 3743 obmutuerant.
700 3657 701 3660 Ἴ
979 3676 981 3679 ’
