2408 4492
451 315 619 384 ...17
697 340 744 358 .-

106 507 255 568 civitatis
275 500 413 569 vinculo
432 501 779 596 fuerantconjuncti,
803 501 1009 590 populorum
1030 507 1082 566 in·

106 608 219 672 dolem
239 611 389 672 nativam
412 611 640 690 exstinguere,
664 624 699 671 et
721 629 760 672 ex
779 628 863 687 una,
888 631 972 692 quae
994 615 1082 693 ipso·
1179 624 1185 681 Ῑ

104 735 186 784 rum
217 697 335 778 animis
362 716 616 792 obversabatur,
656 714 764 800 forma
793 718 1009 795 inconcussa,
1046 720 1084 777 vi
1174 706 1193 746 Ὗ

96 815 250 909 quadam
278 825 443 895 moderari
471 843 609 907 prorsus
636 824 834 917 noluerant}
858 826 1004 911 tempori
1024 825 1084 908 po·

104 936 201 1013 tius,
237 948 304 1016 quo
337 933 388 996 hls
424 932 682 1004 consuleretur,
721 920 866 994 dandum
900 952 970 996 esse
1004 937 1081 1000 ratis

107 1037 252 1102 Omnem
278 1043 392 1123 itaque
421 1048 559 1121 operam
590 1040 732 1118 dabant,
778 1055 817 1103 ut
845 1049 964 1104 mutuo
991 1048 1083 1127 ,coma

106 1147 231 1208 mercio
249 1159 283 1208 et
302 1167 339 1207 ea
356 1142 617 1222 necessitudine,
639 1161 705 1228 qua
730 1147 768 1206 in
785 1133 960 1209 hominum
984 1134 1096 1210 coetu*
1132 1220 1136 1226 ¹

109 1273 145 1316 ac
164 1251 357 1336 frequentia
387 1251 471 1315 alius
493 1251 559 1312 alio
578 1251 728 1334 indiget,
764 1251 960 1314 colonorum
982 1243 1084 1316 saluti

108 1376 143 1424 et
167 1359 324 1424 felicitati
353 1362 597 1444 prospicerent.
646 1360 756 1446 Quare
783 1364 956 1438 nationes,
986 1366 1083 1442 quota

109 1480 192 1548 quot
220 1465 379 1543 aderant,
408 1467 437 1526 si
463 1467 660 1526 immutatae
691 1482 844 1543 evasere,
872 1456 1000 1546 ingenii
1029 1463 1084 1527 dea

108 1572 232 1655 perditi
244 1559 480 1652 profligatique
498 1570 630 1652 culpam
647 1572 738 1652 ipsae
756 1586 846 1633 certe
858 1572 1080 1641 sustinebantr

108 1677 193 1739 Nam
223 1692 350 1760 quanto
380 1671 575 1758 diligentius
607 1698 689 1759 gens
717 1677 939 1762 unaquaeque
968 1688 1083 1742 veram

108 1806 288 1873 sanamque
308 1774 474 1865 indolem,
496 1783 866 1869 certissimumque,'ut
886 1791 936 1850 ita
954 1788 1082 1866 dicam,

107 1897 214 1957 totius
233 1896 382 1975 corporis
400 1895 550 1957 habitum
565 1897 629 1956 sibi
645 1898 839 1976 acquisivit,
859 1899 1083 1976 acquisitum·

107 2020 174 2083 que
194 2003 231 2058 in
253 1998 320 2060 dies
340 1993 567 2076 confirmavit,
590 1981 685 2061 tanto
701 1999 830 2063 'diutius
848 2005 994 2080 nationis
1013 2001 1085 2086 dig»

106 2099 252 2168 nitatem
275 2119 308 2166 et
330 2105 564 2166 auctoritatem
585 2106 671 2167 tuita
694 2116 866 2189 astatque
889 2109 1052 2174 tuebitur.
1156 2098 1158 2104 ’

541 2283 571 2366 d.
614 2279 647 2352 2‘,

172 2454 174 2457 ·
203 2412 266 2485 liis
293 2423 465 2504 perpensis
492 2400 624 2501 nullam
653 2409 852 2485 crediderim
876 2396 1083 2516 Ptolomaeo}
1125 2408 1127 2419 Α

110 2555 187 2598 rum
212 2512 344 2597 saeculo
366 2526 584 2593 Alexandriae
613 2549 891 2615 congregatarum
911 2540 1084 2618 gentium,

104 2642 163 2720 id,
195 2654 262 2724 quo
283 2655 403 2702 natura
423 2629 601 2718 imbuerit,
632 2653 703 2700 tam
723 2616 964 2723 incoiruptum
986 2649 1021 2703 et
1045 2641 1084 2702 ab

113 2743 229 2813 alienis
244 2740 400 2828 ⁴liberum
422 2762 569 2808 servasse
597 2736 792 2826 ingenium,
820 2725 921 2830 quam
950 2751 1084 2827 gentem

111 2858 286 2943 judaicam.
341 2852 438 2942 Quod
466 2856 529 2915 etsi
556 2852 597 2913 de
629 2856 772 2935 integris
801 2854 909 2914 tribus
945 2854 1085 2915 saeculis

110 2959 333 3050 pronunciare
365 2979 500 3036 vereor,
530 2956 569 3022 de
590 2951 697 3049 priori
719 2946 839 3023 saltem
862 2949 990 3042 optimo
1013 2962 1086 3039 iure

112 3077 177 3139 dici
198 3090 328 3159 potest,
350 3093 389 3134 eo
411 3067 517 3152 quod,
537 3069 637 3150 longo
659 3070 793 3151 demum
810 3085 961 3152 tempore·
982 3073 1087 3133 inter.

111 3181 222 3259 jecto,
254 3179 293 3242 de
321 3177 501 3256 severitate¹
533 3192 569 3236 ac
598 3177 722 3238 veteris
751 3174 946 3258 disciplinae
974 3178 1086 3257 rigore

113 3299 147 3350 et
180 3279 545 3349 vitae'consuetu'dine
577 3283 767 3371 inveterata
802 3281 942 3364 paulum
976 3267 1087 3344 decer»

112 3400 242 3477 serint(
820 3450 825 3468 ,
1071 3392 1073 3397 ’

132 3542 135 3547 -
215 3499 375 3586 ,Maxime
402 3517 479 3581 sane
507 3495 637 3579 profuit
666 3497 707 3560 ad
733 3481 933 3567 iudaeorum¹
952 3501 1088 3564 ‘animos
1163 3505 1164 3508 ’

111 3610 299 3697 jungendos
330 3607 437 3669 anxio
467 3609 627 3688 quaedam
657 3621 727 3667 cum
756 3608 874 3685 patrio
901 3614 1088 3668 sustentato

90 3714 303 3811 *conjunctio
330 3731 364 3803 e't
383 3717 659 3798 permixtio‘crtm
680 3719 818 3780 caeteris
837 3717 972 3799 populis
994 3727 1089 3781 caute

173 3849 176 3853 .
735 3827 769 3894 2¹
821 3890 825 3901 Ι
