2400 4478
423 302 603 429 451,
668 384 713 408 „a

94 550 259 633 phorum
285 545 473 625 praeceptis
499 560 678 625 perperam
706 544 912 621 intellectis,
933 552 1056 611 variam

94 654 177 733 peris
201 652 303 733 etiam
323 651 462 727 ritibus,
482 652 589 719 μύθοις
607 665 640 712 et
658 653 824 728 mysteriis
843 650 1052 717 sublimiores

94 762 273 840 itiorisque
295 759 434 838 originis
456 761 616 834 veritates
638 777 673 818 ac
696 759 929 838 revelationes,
950 758 1052 840 eupli.

94 852 208 953 at'ione
224 866 600 945 mythico-symbolica
623 864 708 927 ‘inde
739 865 898 929 eruendas
924 869 1051 945 inesse,
1105 883 1123 933 .·

94 990 156 1049 pan
176 972 278 1041 inulti
303 973 406 1067 hujus,
433 975 549 1043 aetatis
576 975 798 1053 interpretes,
833 988 907 1036 tum
935 987 1051 1041 noster
1104 986 1111 999 ’

94 1087 135 1149 lle
155 1083 256 1149 Philo
276 1085 464 1164 suspicatus
488 1096 549 1149 est.
593 1156 595 1165 Ι

176 1217 297 1282 Schola
318 1217 431 1298 itaque
444 1217 609 1302 judaica,
632 1236 715 1299 quae
732 1219 824 1295 juxta
844 1218 1049 1301 philosophi·

94 1347 133 1392 :aa
162 1326 432 1409 Ptolemaeorum
463 1325 603 1388 saeculis
634 1325 852 1388 Alexandriae
886 1342 959 1389 orta
990 1327 1049 1387 ilo·
1093 1332 1096 1345 '

94 1417 170 1512 uit,
219 1435 257 1493 ab
288 1435 440 1496 omnibus
475 1437 828 1516 ceterismagnopere
863 1434 1046 1500 differebat.
1120 1450 1123 1457 ·

94 1542 204 1604 :adem
222 1543 308 1616 enim
324 1560 433 1622 neque
452 1538 697 1619 Orientalium,
715 1562 824 1624 neque
845 1538 1060 1602 Graecorum*

94 1650 278 1733 apientiam
306 1662 403 1728 acque
433 1646 635 1726 doctrinam,
667 1668 768 1730 quam
797 1644 900 1729 probe
928 1666 1051 1728 cogno«

94 1769 195 1832 erat,
228 1746 374 1836 amplexa
405 1770 476 1833 est,
512 1755 568 1823 sed
595 1757 779 1819 Aristobuli
807 1771 841 1817 et
873 1754 1045 1829 Philonis,

94 1865 174 1941 injus
206 1842 337 1922 scholae
368 1864 579 1940 principum,
607 1860 715 1922 studia
748 1860 789 1947 id¹
816 1859 1046 1922 tantummodo

94 1960 284 2049 pectahant,
324 1983 363 2028 ut
396 1972 505 2035 veteri
536 1984 671 2049 patrum
701 1969 858 2049 religioni
886 1972 1046 2047 majorem

95 2076 236 2137 mbiturn
253 2076 442 2136 tribuerent
463 2075 620 2155 eamque,
641 2054 844 2156 ignominiae
862 2074 1045 2154 tollendae,

94 2183 245 2265 lignitatis
273 2181 415 2243 tuendae
449 2196 484 2247 et
517 2180 683 2264 augendae
710 2184 836 2265 gratia,
868 2181 1044 2263 splendore

94 2286 217 2371 [uodapr
237 2286 387 2368 undique
408 2285 564 2369 decerpto
586 2304 792 2355 exornarent.
854 2289 925 2349 Hac
954 2292 1043 2351 enim

94 2402 202 2461 atione
222 2417 355 2480 sperare
377 2388 553 2489 poterant,
580 2399 671 2480 iore,
688 2414 729 2462 ut
747 2399 925 2462 adversarii
940 2415 975 2465 ct
992 2396 1042 2464 sa'·

94 2508 218 2569 dentiae
249 2504 397 2584 judaicae
428 2492 650 2570 contemtdres
682 2509 962 2586 conticescerent,
1008 2521 1043 2569 et

177 2662 181 2673 Ι

139 2722 309 2788 abstrusior,
334 2721 374 2774 ita
392 2719 533 2789 arridebat
549 2721 725 2793 Mysticiami
743 2721 881 2778 studioso.
904 2724 964 2778 ,lta
986 2722 1042 2785 fac·
1140 2740 1143 2747 ·

139 2832 199 2871 tum
210 2831 270 2879 est,
290 2829 321 2868 ut
336 2812 512 2869 obscuriores
528 2831 554 2870 et
567 2816 700 2886 mysticae
713 2815 841 2870 derebus
859 2814 968 2870 divinis
980 2836 1041 2872 aen·
1118 2816 1122 2836 '

139 2911 251 2974 tentiae,
270 2928 333 2962 cum
351 2909 564 2983 Aegyptiorum,
581 2907 795 2973 Chaldaeorum,
812 2906 959 2984 Magorum
975 2909 1040 2972 doc·
1075 2962 1077 2967 .

137 3008 214 3062 trina
228 3020 255 3059 et
266 3003 390 3075 Orphica
408 3021 511 3059 secreta
523 3005 657 3076 sapientia
670 3024 798 3079 persaepe
811 3007 978 3082 conjunctae
989 3009 1038 3079 (cl.

137 3099 251 3152 Aristar.
268 3095 348 3161 Anal.
371 3109 443 3167 poet.
462 3099 499 3147 II.
519 3098 561 3151 to.
585 3115 613 3169 p·
630 3097 694 3158 587;
720 3099 791 3150 Plut.
810 3098 923 3168 Quaeat.
942 3099 1037 3154 Graec.

135 3191 181 3252 39.
206 3208 233 3260 p.
246 3190 313 3254 3993
338 3188 443 3241 Aciien.
463 3187 499 3243 V.
524 3184 613 3248 lai,
639 3188 688 3248 17;
716 3188 798 3261 Diog.
817 3191 908 3251 Laert.
926 3193 960 3252 8,
984 3193 1036 3250 10:

134 3283 234 3350 Jnnrbl.
242 3283 275 3339 V·
284 3300 312 3354 p.
321 3282 368 3351 28)
383 3280 603 3344 Platonicorum,
614 3279 790 3353 maximeque
800 3281 1037 3356 Pythagoreorum

133 3374 248 3431 scholis
269 3372 327 3430 sin't
350 3378 517 3451 adscriptaea
546 3392 715 3449 quapropter
737 3375 896 3448 Xenophon
919 3373 974 3448 jam
999 3390 1038 3430 at·

133 3490 192 3545 quc
206 3471 388 3536 Plutarchus,
406 3469 588 3546 Pythagoreis
600 3468 747 3523 fanaticam
759 3468 791 3521 in
805 3465 1035 3542 philosophando

130 3566 274 3631 rationem
291 3565 489 3630 attribuerunts
524 3566 700 3636 Quantopere
716 3575 744 3614 et
759 3546 842 3614 Philo'
857 3560 912 3615 lte'c
929 3564 1037 3619 studio.

132 3680 200 3714 rum
224 3678 311 3733 genus
334 3657 473 3730 adjuverit
495 3671 523 3709 et
545 3656 577 3710 in
594 3672 654 3706 ram
671 3670 750 3708 snam
767 3655 952 3732 convenerit,
979 3656 1034 3732 jam

137 3771 177 3807 cx
194 3750 277 3806 libris
296 3751 355 3825 ejus
372 3747 418 3811 vol
437 3745 528 3802 obiter
544 3744 669 3822 legendis
686 3744 767 3804 facile
782 3745 967 3824 intelligitur.
