2400 4478
466 327 638 430 ...gp
714 355 760 371 ...

78 546 84 560 ·
131 527 227 603 grato
247 514 381 596 publice
403 514 581 578 alebantur,
602 519 743 589 (συσσίτια
765 518 1006 603 aristotelica).
1051 523 1113 595 Bit

128 626 329 702 bliothecae,
365 629 546 708 sapientiae
575 627 683 688 literis
715 631 933 718 consignatae
962 648 1086 714 recepta·
1103 661 1113 702 a

129 739 226 816 cula,
259 733 380 798 studiis
405 736 614 797 incumbenti
642 718 817 805 materiem
847 739 1084 819 suppeditabant

129 862 231 927 quam
251 839 492 936 largissimam,
527 821 566 905 ut
587 862 650 903 nec
670 845 797 925 ingenii
819 844 1017 927 excolendi,
1044 865 1104 945 apt·

94 986 97 998 »
116 954 233 1036 animi
255 951 383 1028 alendi,
411 970 475 1012 nec
496 949 640 1032 denique
663 950 833 1014 doctrinae
857 955 1084 1038 conservandae

129 1071 231 1140 atque
263 1057 495 1138 propagandae
523 1054 651 1118 deesset
682 1055 835 1141 facultas,
887 1059 1084 1149 Desideriun
1101 1109 1113 1167 p

129 1154 215 1230 veri
235 1167 430 1249 reperiundi
468 1163 721 1255 ardentissimus
761 1170 906 1253 quisque
946 1173 1083 1250 habebat,
1101 1214 1113 1255 ,ᾖ

35 1290 38 1299 ·
128 1299 195 1359 quo
224 1279 306 1339 bene
328 1297 370 1353 ¹se
399 1275 617 1355 informaret,
649 1280 728 1363 sive
742 1258 854 1361 prisca¹
874 1299 991 1346 mente
1009 1302 1082 1366 repe
1107 1324 1111 1360 2

127 1399 218 1464 tere,
248 1386 426 1446 siv'e'nova
446 1383 601 1465 indagare
622 1383 783 1449 voluerit.
903 1424 915 1451 ι
963 1434 968 1452 ,

214 1492 276 1556 Sed
297 1493 360 1555 hoc
381 1496 567 1556 necessario
588 1490 666 1554 inde
688 1495 910 1575 sequebatur,
932 1498 1020 1560 utin
1037 1497 1081 1558 Ju·
1098 1536 1106 1550 a

49 1659 51 1663 ,
128 1598 216 1660 daeis
239 1617 373 1676 quoque
395 1617 433 1656 ea
454 1600 742 1680 sapientia,7quae
763 1619 781 1659 e
804 1602 923 1667 multis
947 1602 1080 1665 Graecias
1110 1651 1113 1664 2

127 1720 162 1766 et
186 1705 323 1765 orientis
344 1702 494 1785 partibus
514 1688 750 1791 Alexapdriam
773 1707 1006 1802 confluxerat(
1019 1705 1079 1769 inda
1100 1679 1113 1754 κ’

127 1831 145 1871 a
169 1813 272 1872 tertio
304 1829 332 1873 a.
354 1808 567 1899 Ch.=saeculo
589 1809 873 1890 pervulgaretur„
912 1812 978 1899 Qui
1003 1813 1079 1872 enin

73 1932 80 1937 ’
126 1921 269 1984 Judaeus
290 1921 411 1981 horum
433 1917 622 1980 studiorum
645 1939 750 2002 genus
778 1941 819 2007 ac¹
837 1925 997 1984 rationem
1015 1923 1065 1982 vis
1109 1958 1113 1964 ·

124 2029 199 2108 ipso
226 2014 426 2110 co'gnoverat
448 2024 669 2089 Alexandriae
690 2027 886 2105 florentem,
920 2032 1077 2110 impetrar'

124 2153 198 2195 ase
217 2133 317 2215 plane
337 2153 407 2194 non
427 2132 559 2211 potuit,
597 2134 680 2212 quin
712 2134 917 2211 excitaretur
946 2147 980 2205 et
997 2131 1078 2194 'addu-

123 2257 274 2318 ceretur‚
308 2242 507 2321 praesertim
535 2258 612 2300 cum
638 2257 693 2300 res
723 2241 995 2322 metaphysicae,
1017 2259 1076 2323 qua·
1110 2293 1113 2330 3

122 2363 222 2412 tenue
248 2349 287 2410 ad
316 2336 516 2429 religionem
544 2349 757 2431 spectabant,
789 2352 957 2414 Judaeum
987 2353 1076 2434 ipsun

123 2458 288 2520 cultorem
318 2460 450 2538 saepius
477 2459 683 2539 attingerent
712 2459 887 2541 religionie
911 2461 1075 2532 doctrinae,
1094 2495 1113 2549 5²

122 2582 205 2646 quae
235 2583 253 2624 a
281 2567 421 2625 numine
450 2581 608 2644 supremo
637 2567 775 2649 ejusque
797 2564 901 2641 ’μεσίτῃ
932 2572 1074 2650 proximo,

120 2676 181 2756 qui
203 2687 254 2736 est
274 2675 408 2750 Moses,
440 2669 592 2752 profecta
614 2671 850 2752 perhibebatur
879 2688 981 2758 atque
1001 2674 1073 2753 stabi·

48 2779 79 2837 f
121 2776 194 2843 lita.
245 2778 316 2843 Jam
339 2779 412 2866 fieri
433 2774 566 2859 potuit,
601 2791 642 2838 ut
663 2778 742 2838 libri
765 2782 941 2861 canonici,
975 2784 1074 2864 quipp

61 2912 63 2917 ’
108 2910 227 2971 quum
261 2911 324 2972 pro
353 2891 455 2951 sacris
488 2902 522 2950 et
551 2887 672 2948 divinis
707 2885 830 2969 habiti,
864 2895 901 2953 in
936 2893 1074 2956 Graecus

121 2999 211 3059 versi
234 2997 273 3057 ad
302 3017 418 3061 manus
442 2999 570 3074 essent,
599 3016 667 3056 non
691 2998 859 3060 aJudaeis
888 3001 991 3079 modo
1007 2999 1074 3077 salu

123 3106 327 3167 conscientia
348 3121 383 3166 et
410 3106 496 3184 juris
525 3108 665 3186 insuper
695 3106 806 3187 aliqua
828 3112 961 3190 specie,
998 3109 1073 3172 Grae

121 3234 266 3296 corum,¹
279 3217 398 3298 quibus
418 3218 580 3296 sapientia
603 3198 854 3295 continebatur,
878 3208 984 3285 libros
1002 3235 1073 3302 prat·

122 3326 228 3390 claros
259 3325 516 3401 evolverentur,
548 3322 604 3384 sed
626 3319 866 3388 Graecisetiam
895 3332 981 3391 viris
1010 3326 1073 3389 aliis*

107 3437 200 3512 ¹que,
228 3435 348 3514 quibus
370 3431 554 3513 placuerit,
571 3430 781 3511 *religionem
802 3436 911 3514 ipsam
934 3435 1052 3514 judaica

117 3541 424 3637 propterllinguae
455 3536 667 3600 inscientiam
695 3555 793 3605 antea
817 3539 1048 3621 prohibitam'

118 3645 246 3723 spicere
271 3634 419 3723 liceret:
453 3637 523 3728 jam
552 3646 625 3726 ipso
654 3647 776 3710 obtutu
807 3647 1009 3728 persuadere
1031 3629 1053 3707 ii

119 3756 261 3837 quisque
282 3751 380 3816 facile
401 3770 549 3835 poterat,
561 3823 563 3827 7
577 3754 657 3837 quid
680 3771 784 3837 esset,
809 3759 900 3838 quod
919 3760 1020 3822 bomo
1036 3753 1068 3818 ia
