<?xml version="1.0" encoding="UTF-8"?>
<!DOCTYPE html PUBLIC "-//W3C//DTD XHTML 1.0 Transitional//EN"
    "http://www.w3.org/TR/xhtml1/DTD/xhtml1-transitional.dtd">
<html xmlns="http://www.w3.org/1999/xhtml" xml:lang="en" lang="en">
 <head>
  <title>
</title>
<meta http-equiv="Content-Type" content="text/html;charset=utf-8" />
  <meta name='ocr-system' content='tesseract 3.04.00' />
  <meta name='ocr-capabilities' content='ocr_page ocr_carea ocr_par ocr_line ocrx_word'/>
</head>
<body>
  <div class='ocr_page' id='page_1' title='image "./quaestionumphil00schegoog_0028.png"; bbox 0 0 2408 4492; ppageno 0'>
   <div class='ocr_carea' id='block_1_1' title="bbox 374 357 689 477">
    <p class='ocr_par' dir='ltr' id='par_1_1' title="bbox 374 357 689 477">
     <span class='ocr_line' id='line_1_1' title="bbox 374 357 689 477; baseline -0.016 0"><span class='ocrx_word' id='word_1_1' title='bbox 374 357 572 477; x_wconf 27' lang='lat'><strong>5³¹9</strong></span> <span class='ocrx_word' id='word_1_2' title='bbox 644 385 689 398; x_wconf 69' lang='grc'><em>“</em></span> 
     </span>
    </p>
   </div>
   <div class='ocr_carea' id='block_1_2' title="bbox 10 538 1138 3312">
    <p class='ocr_par' dir='ltr' id='par_1_2' title="bbox 10 538 1138 3312">
     <span class='ocr_line' id='line_1_2' title="bbox 10 538 1038 631; baseline 0.006 -26"><span class='ocrx_word' id='word_1_3' title='bbox 10 540 32 623; x_wconf 55' lang='grc'><strong>’,</strong></span> <span class='ocrx_word' id='word_1_4' title='bbox 60 541 100 606; x_wconf 87' lang='lat' dir='ltr'><strong>ad</strong></span> <span class='ocrx_word' id='word_1_5' title='bbox 127 541 385 624; x_wconf 90' lang='lat' dir='ltr'><strong>disceptandum</strong></span> <span class='ocrx_word' id='word_1_6' title='bbox 411 538 547 606; x_wconf 82' lang='lat' dir='ltr'><strong>fuerant</strong></span> <span class='ocrx_word' id='word_1_7' title='bbox 574 549 784 626; x_wconf 83' lang='lat' dir='ltr'><strong>propositae,</strong></span> <span class='ocrx_word' id='word_1_8' title='bbox 818 544 1038 631; x_wconf 82' lang='lat' dir='ltr'><strong>divino-quo·</strong></span> 
     </span>
     <span class='ocr_line' id='line_1_3' title="bbox 60 647 1039 730; baseline 0.006 -20.708"><span class='ocrx_word' id='word_1_9' title='bbox 60 649 139 709; x_wconf 88' lang='lat' dir='ltr'><strong>dam</strong></span> <span class='ocrx_word' id='word_1_10' title='bbox 159 651 282 730; x_wconf 86' lang='lat' dir='ltr'><strong>spiritu</strong></span> <span class='ocrx_word' id='word_1_11' title='bbox 304 647 427 714; x_wconf 83' lang='lat' dir='ltr'>edictae</span> <span class='ocrx_word' id='word_1_12' title='bbox 447 650 776 730; x_wconf 87' lang='lat' dir='ltr'><strong>profisciscebantnr,</strong></span> <span class='ocrx_word' id='word_1_13' title='bbox 799 657 1039 716; x_wconf 85' lang='lat' dir='ltr'><strong>verumetiam</strong></span> 
     </span>
     <span class='ocr_line' id='line_1_4' title="bbox 10 736 1089 840; baseline 0.009 -27"><span class='ocrx_word' id='word_1_14' title='bbox 10 736 24 797; x_wconf 53' lang='grc' dir='ltr'><strong>ἱ</strong></span> <span class='ocrx_word' id='word_1_15' title='bbox 61 762 242 836; x_wconf 87' lang='lat' dir='ltr'><strong>praecepta</strong></span> <span class='ocrx_word' id='word_1_16' title='bbox 264 769 297 816; x_wconf 90' lang='lat' dir='ltr'><strong>et</strong></span> <span class='ocrx_word' id='word_1_17' title='bbox 321 753 459 816; x_wconf 91' lang='lat' dir='ltr'><strong>docendi</strong></span> <span class='ocrx_word' id='word_1_18' title='bbox 481 771 516 816; x_wconf 96' lang='lat' dir='ltr'><strong>et</strong></span> <span class='ocrx_word' id='word_1_19' title='bbox 538 757 666 837; x_wconf 88' lang='lat' dir='ltr'><strong>agendi.</strong></span> <span class='ocrx_word' id='word_1_20' title='bbox 724 755 909 840; x_wconf 85' lang='lat' dir='ltr'><strong>Religionis</strong></span> <span class='ocrx_word' id='word_1_21' title='bbox 931 761 1038 840; x_wconf 76' lang='lat' dir='ltr'><strong>ipsius</strong></span> <span class='ocrx_word' id='word_1_22' title='bbox 1086 796 1089 805; x_wconf 67' lang='lat'><em>=</em></span> 
     </span>
     <span class='ocr_line' id='line_1_5' title="bbox 10 856 1040 959; baseline 0.011 -40"><span class='ocrx_word' id='word_1_23' title='bbox 10 856 28 959; x_wconf 35' lang='grc' dir='ltr'><strong><em>Ἰ</em></strong></span> <span class='ocrx_word' id='word_1_24' title='bbox 61 862 156 954; x_wconf 88' lang='lat' dir='ltr'><strong>lege,</strong></span> <span class='ocrx_word' id='word_1_25' title='bbox 179 862 425 944; x_wconf 15' lang='lat' dir='ltr'><strong>quamiviolare</strong></span> <span class='ocrx_word' id='word_1_26' title='bbox 447 861 559 941; x_wconf 83' lang='lat' dir='ltr'><strong>nefas,</strong></span> <span class='ocrx_word' id='word_1_27' title='bbox 589 866 759 946; x_wconf 83' lang='lat' dir='ltr'><strong>sapienter</strong></span> <span class='ocrx_word' id='word_1_28' title='bbox 781 881 853 928; x_wconf 88' lang='lat' dir='ltr'><strong>erat</strong></span> <span class='ocrx_word' id='word_1_29' title='bbox 874 869 1040 930; x_wconf 82' lang='lat' dir='ltr'><strong>constitu·</strong></span> 
     </span>
     <span class='ocr_line' id='line_1_6' title="bbox 27 962 1138 1059; baseline 0.005 -23"><span class='ocrx_word' id='word_1_30' title='bbox 27 1040 37 1049; x_wconf 65' lang='grc'>,</span> <span class='ocrx_word' id='word_1_31' title='bbox 61 987 155 1046; x_wconf 86' lang='lat' dir='ltr'><strong>tum,</strong></span> <span class='ocrx_word' id='word_1_32' title='bbox 176 986 216 1035; x_wconf 90' lang='lat' dir='ltr'><strong>ut</strong></span> <span class='ocrx_word' id='word_1_33' title='bbox 236 972 381 1056; x_wconf 76' lang='lat' dir='ltr'>singuli,</span> <span class='ocrx_word' id='word_1_34' title='bbox 402 976 510 1034; x_wconf 88' lang='lat' dir='ltr'><strong>sancti</strong></span> <span class='ocrx_word' id='word_1_35' title='bbox 532 973 626 1038; x_wconf 89' lang='lat' dir='ltr'><strong>illius</strong></span> <span class='ocrx_word' id='word_1_36' title='bbox 648 975 795 1056; x_wconf 85' lang='lat' dir='ltr'><strong>vinculi,</strong></span> <span class='ocrx_word' id='word_1_37' title='bbox 811 989 885 1059; x_wconf 71' lang='lat' dir='ltr'><strong>=quo</strong></span> <span class='ocrx_word' id='word_1_38' title='bbox 907 962 1037 1059; x_wconf 75' lang='lat' dir='ltr'><strong>petriae</strong></span> <span class='ocrx_word' id='word_1_39' title='bbox 1134 1004 1138 1013; x_wconf 61' lang='lat'><strong>⁴</strong></span> 
     </span>
     <span class='ocr_line' id='line_1_7' title="bbox 62 1080 1045 1167; baseline 0.005 -26"><span class='ocrx_word' id='word_1_40' title='bbox 62 1099 140 1143; x_wconf 91' lang='lat' dir='ltr'><strong>cum</strong></span> <span class='ocrx_word' id='word_1_41' title='bbox 160 1083 284 1162; x_wconf 84' lang='lat' dir='ltr'><strong>pietate</strong></span> <span class='ocrx_word' id='word_1_42' title='bbox 307 1080 616 1162; x_wconf 81' lang='lat' dir='ltr'><strong>adstringebantur,</strong></span> <span class='ocrx_word' id='word_1_43' title='bbox 637 1087 730 1146; x_wconf 89' lang='lat' dir='ltr'><strong>omni</strong></span> <span class='ocrx_word' id='word_1_44' title='bbox 747 1097 899 1167; x_wconf 88' lang='lat' dir='ltr'><strong>tempore</strong></span> <span class='ocrx_word' id='word_1_45' title='bbox 922 1087 1045 1165; x_wconf 82' lang='lat' dir='ltr'><strong>tuendi</strong></span> 
     </span>
     <span class='ocr_line' id='line_1_8' title="bbox 61 1187 1040 1274; baseline 0.005 -25"><span class='ocrx_word' id='word_1_46' title='bbox 61 1207 177 1266; x_wconf 85' lang='lat' dir='ltr'><strong>causa,</strong></span> <span class='ocrx_word' id='word_1_47' title='bbox 195 1241 200 1247; x_wconf 92' lang='lat'>.</span> <span class='ocrx_word' id='word_1_48' title='bbox 220 1187 406 1250; x_wconf 82' lang='lat' dir='ltr'><strong>identidem</strong></span> <span class='ocrx_word' id='word_1_49' title='bbox 437 1188 670 1268; x_wconf 84' lang='lat' dir='ltr'><strong>Hierosolyma</strong></span> <span class='ocrx_word' id='word_1_50' title='bbox 694 1194 906 1274; x_wconf 79' lang='lat' dir='ltr'><strong>migrarent,</strong></span> <span class='ocrx_word' id='word_1_51' title='bbox 944 1211 1040 1273; x_wconf 89' lang='lat' dir='ltr'><strong>prae·</strong></span> 
     </span>
     <span class='ocr_line' id='line_1_9' title="bbox 10 1277 1041 1378; baseline 0.007 -23"><span class='ocrx_word' id='word_1_52' title='bbox 10 1316 12 1321; x_wconf 71' lang='grc'>’</span> <span class='ocrx_word' id='word_1_53' title='bbox 57 1299 163 1377; x_wconf 77' lang='lat' dir='ltr'><strong>‘cipue</strong></span> <span class='ocrx_word' id='word_1_54' title='bbox 189 1297 303 1360; x_wconf 84' lang='lat' dir='ltr'><strong>diebus</strong></span> <span class='ocrx_word' id='word_1_55' title='bbox 329 1277 409 1378; x_wconf 85' lang='lat' dir='ltr'><strong>prae</strong></span> <span class='ocrx_word' id='word_1_56' title='bbox 435 1301 575 1360; x_wconf 81' lang='lat' dir='ltr'><strong>caeteris</strong></span> <span class='ocrx_word' id='word_1_57' title='bbox 604 1299 796 1362; x_wconf 84' lang='lat' dir='ltr'><strong>solennibus</strong></span> <span class='ocrx_word' id='word_1_58' title='bbox 825 1320 862 1362; x_wconf 85' lang='lat' dir='ltr'><strong>ac</strong></span> <span class='ocrx_word' id='word_1_59' title='bbox 890 1289 1041 1365; x_wconf 50' lang='lat' dir='ltr'><strong>sacratis,</strong></span> 
     </span>
     <span class='ocr_line' id='line_1_10' title="bbox 62 1391 1037 1491; baseline 0 -27"><span class='ocrx_word' id='word_1_60' title='bbox 62 1391 191 1491; x_wconf 81' lang='lat' dir='ltr'><strong>Quodsi</strong></span> <span class='ocrx_word' id='word_1_61' title='bbox 207 1424 287 1465; x_wconf 84' lang='lat' dir='ltr'><strong>vero</strong></span> <span class='ocrx_word' id='word_1_62' title='bbox 306 1424 362 1482; x_wconf 83' lang='lat' dir='ltr'><strong>ea,</strong></span> <span class='ocrx_word' id='word_1_63' title='bbox 384 1424 469 1486; x_wconf 89' lang='lat' dir='ltr'><strong>quae</strong></span> <span class='ocrx_word' id='word_1_64' title='bbox 493 1403 533 1466; x_wconf 93' lang='lat' dir='ltr'><strong>ad</strong></span> <span class='ocrx_word' id='word_1_65' title='bbox 550 1404 820 1466; x_wconf 80' lang='lat' dir='ltr'><strong>communionem</strong></span> <span class='ocrx_word' id='word_1_66' title='bbox 843 1405 1037 1466; x_wconf 76' lang='lat' dir='ltr'><strong>servandam</strong></span> 
     </span>
     <span class='ocr_line' id='line_1_11' title="bbox 62 1511 1109 1611; baseline 0.001 -38"><span class='ocrx_word' id='word_1_67' title='bbox 62 1527 159 1574; x_wconf 84' lang='lat' dir='ltr'><strong>erant</strong></span> <span class='ocrx_word' id='word_1_68' title='bbox 181 1525 377 1611; x_wconf 86' lang='lat' dir='ltr'><strong>praecepta,</strong></span> <span class='ocrx_word' id='word_1_69' title='bbox 400 1514 610 1575; x_wconf 86' lang='lat' dir='ltr'><strong>strictissime</strong></span> <span class='ocrx_word' id='word_1_70' title='bbox 634 1528 668 1575; x_wconf 93' lang='lat' dir='ltr'><strong>et</strong></span> <span class='ocrx_word' id='word_1_71' title='bbox 685 1511 868 1594; x_wconf 89' lang='lat' dir='ltr'><strong>diligenter</strong></span> <span class='ocrx_word' id='word_1_72' title='bbox 889 1513 930 1573; x_wconf 93' lang='lat' dir='ltr'><strong>ob</strong></span> <span class='ocrx_word' id='word_1_73' title='bbox 951 1512 1040 1574; x_wconf 90' lang='lat' dir='ltr'><strong>loco·</strong></span> <span class='ocrx_word' id='word_1_74' title='bbox 1103 1544 1109 1552; x_wconf 78' lang='grc'><strong><em>·</em></strong></span> 
     </span>
     <span class='ocr_line' id='line_1_12' title="bbox 36 1618 1111 1702; baseline -0.001 -23"><span class='ocrx_word' id='word_1_75' title='bbox 36 1637 140 1679; x_wconf 62' lang='lat' dir='ltr'><strong>rum</strong></span> <span class='ocrx_word' id='word_1_76' title='bbox 170 1619 317 1699; x_wconf 88' lang='lat' dir='ltr'><strong>spatium</strong></span> <span class='ocrx_word' id='word_1_77' title='bbox 348 1618 494 1701; x_wconf 84' lang='lat' dir='ltr'><strong>aliasque</strong></span> <span class='ocrx_word' id='word_1_78' title='bbox 521 1638 575 1680; x_wconf 90' lang='lat' dir='ltr'><strong>res</strong></span> <span class='ocrx_word' id='word_1_79' title='bbox 604 1621 771 1682; x_wconf 89' lang='lat' dir='ltr'><strong>observari</strong></span> <span class='ocrx_word' id='word_1_80' title='bbox 800 1639 868 1682; x_wconf 91' lang='lat' dir='ltr'><strong>non</strong></span> <span class='ocrx_word' id='word_1_81' title='bbox 888 1632 1040 1702; x_wconf 85' lang='lat' dir='ltr'><strong>poterat,</strong></span> <span class='ocrx_word' id='word_1_82' title='bbox 1106 1667 1111 1678; x_wconf 75' lang='grc'>.</span> 
     </span>
     <span class='ocr_line' id='line_1_13' title="bbox 61 1727 1040 1810; baseline 0.002 -22"><span class='ocrx_word' id='word_1_83' title='bbox 61 1741 176 1788; x_wconf 85' lang='lat' dir='ltr'><strong>tamen</strong></span> <span class='ocrx_word' id='word_1_84' title='bbox 209 1745 247 1787; x_wconf 90' lang='lat' dir='ltr'><strong>ea</strong></span> <span class='ocrx_word' id='word_1_85' title='bbox 275 1731 369 1808; x_wconf 88' lang='lat' dir='ltr'><strong>ipsa,</strong></span> <span class='ocrx_word' id='word_1_86' title='bbox 402 1732 489 1810; x_wconf 90' lang='lat' dir='ltr'><strong>stipe</strong></span> <span class='ocrx_word' id='word_1_87' title='bbox 520 1727 720 1790; x_wconf 83' lang='lat' dir='ltr'><strong>conferenda</strong></span> <span class='ocrx_word' id='word_1_88' title='bbox 749 1728 920 1806; x_wconf 73' lang='grc' dir='ltr'>(δίδραχμα)</span> <span class='ocrx_word' id='word_1_89' title='bbox 949 1729 1040 1790; x_wconf 89' lang='lat' dir='ltr'><strong>obla·</strong></span> 
     </span>
     <span class='ocr_line' id='line_1_14' title="bbox 57 1839 1041 1921; baseline 0.001 -21"><span class='ocrx_word' id='word_1_90' title='bbox 57 1841 277 1918; x_wconf 87' lang='lat' dir='ltr'><strong>tionibusque</strong></span> <span class='ocrx_word' id='word_1_91' title='bbox 308 1858 370 1921; x_wconf 74' lang='lat' dir='ltr'><strong>per</strong></span> <span class='ocrx_word' id='word_1_92' title='bbox 402 1844 505 1902; x_wconf 84' lang='lat' dir='ltr'><strong>annos</strong></span> <span class='ocrx_word' id='word_1_93' title='bbox 539 1840 689 1921; x_wconf 80' lang='lat' dir='ltr'><strong>singulos</strong></span> <span class='ocrx_word' id='word_1_94' title='bbox 724 1839 954 1920; x_wconf 86' lang='lat' dir='ltr'><strong>primitiarum</strong></span> <span class='ocrx_word' id='word_1_95' title='bbox 981 1859 1041 1901; x_wconf 90' lang='lat' dir='ltr'><strong>no·</strong></span> 
     </span>
     <span class='ocr_line' id='line_1_15' title="bbox 57 1925 1042 2030; baseline -0.001 -23"><span class='ocrx_word' id='word_1_96' title='bbox 57 1949 152 2022; x_wconf 78' lang='lat' dir='ltr'><strong>mine</strong></span> <span class='ocrx_word' id='word_1_97' title='bbox 180 1925 378 2021; x_wconf 81' lang='lat' dir='ltr'><strong>mittendis,</strong></span> <span class='ocrx_word' id='word_1_98' title='bbox 404 1939 616 2023; x_wconf 69' lang='lat' dir='ltr'><strong>pro&#39;vitibus</strong></span> <span class='ocrx_word' id='word_1_99' title='bbox 639 1945 788 2029; x_wconf 79' lang='lat' dir='ltr'><strong>alebatur</strong></span> <span class='ocrx_word' id='word_1_100' title='bbox 815 1946 849 2022; x_wconf 64' lang='grc' dir='ltr'><strong>(ὅ</strong></span> <span class='ocrx_word' id='word_1_101' title='bbox 865 1941 889 2022; x_wconf 88' lang='grc'><strong>).</strong></span> <span class='ocrx_word' id='word_1_102' title='bbox 933 1943 1042 2030; x_wconf 86' lang='lat' dir='ltr'><strong>Quam</strong></span> 
     </span>
     <span class='ocr_line' id='line_1_16' title="bbox 58 2046 1066 2128; baseline -0.003 -17"><span class='ocrx_word' id='word_1_103' title='bbox 58 2068 146 2111; x_wconf 88' lang='lat' dir='ltr'><strong>vero</strong></span> <span class='ocrx_word' id='word_1_104' title='bbox 180 2046 457 2108; x_wconf 83' lang='lat' dir='ltr'><strong>consuetudinem</strong></span> <span class='ocrx_word' id='word_1_105' title='bbox 488 2065 553 2108; x_wconf 86' lang='lat' dir='ltr'><strong>usu</strong></span> <span class='ocrx_word' id='word_1_106' title='bbox 583 2061 796 2128; x_wconf 84' lang='lat' dir='ltr'><strong>receptam,</strong></span> <span class='ocrx_word' id='word_1_107' title='bbox 816 2049 897 2127; x_wconf 90' lang='lat' dir='ltr'><strong>licet</strong></span> <span class='ocrx_word' id='word_1_108' title='bbox 926 2047 1066 2111; x_wconf 77' lang='lat' dir='ltr'><strong>Judaei¹</strong></span> 
     </span>
     <span class='ocr_line' id='line_1_17' title="bbox 59 2153 1042 2236; baseline 0.002 -20"><span class='ocrx_word' id='word_1_109' title='bbox 59 2157 224 2235; x_wconf 84' lang='lat' dir='ltr'><strong>Aegyptii</strong></span> <span class='ocrx_word' id='word_1_110' title='bbox 260 2173 321 2234; x_wconf 86' lang='lat' dir='ltr'><strong>per</strong></span> <span class='ocrx_word' id='word_1_111' title='bbox 351 2166 488 2214; x_wconf 90' lang='lat' dir='ltr'><strong>centum</strong></span> <span class='ocrx_word' id='word_1_112' title='bbox 518 2153 756 2236; x_wconf 83' lang='lat' dir='ltr'><strong>qnadraginta,</strong></span> <span class='ocrx_word' id='word_1_113' title='bbox 797 2169 830 2217; x_wconf 89' lang='lat' dir='ltr'><strong>et</strong></span> <span class='ocrx_word' id='word_1_114' title='bbox 863 2155 952 2236; x_wconf 90' lang='lat' dir='ltr'><strong>quod</strong></span> <span class='ocrx_word' id='word_1_115' title='bbox 988 2174 1042 2218; x_wconf 87' lang='lat' dir='ltr'><strong>ex·</strong></span> 
     </span>
     <span class='ocr_line' id='line_1_18' title="bbox 33 2262 1042 2342; baseline 0.001 -18"><span class='ocrx_word' id='word_1_116' title='bbox 33 2264 37 2269; x_wconf 80' lang='grc'><strong>’</strong></span> <span class='ocrx_word' id='word_1_117' title='bbox 61 2265 192 2338; x_wconf 85' lang='lat' dir='ltr'><strong>currit,</strong></span> <span class='ocrx_word' id='word_1_118' title='bbox 216 2279 336 2340; x_wconf 86' lang='lat' dir='ltr'><strong>annos,</strong></span> <span class='ocrx_word' id='word_1_119' title='bbox 359 2266 471 2337; x_wconf 86' lang='lat' dir='ltr'><strong>omni,</strong></span> <span class='ocrx_word' id='word_1_120' title='bbox 499 2281 564 2342; x_wconf 84' lang='lat' dir='ltr'><strong>qua</strong></span> <span class='ocrx_word' id='word_1_121' title='bbox 585 2281 649 2342; x_wconf 89' lang='lat' dir='ltr'><strong>par</strong></span> <span class='ocrx_word' id='word_1_122' title='bbox 670 2276 739 2340; x_wconf 85' lang='lat' dir='ltr'><strong>est,</strong></span> <span class='ocrx_word' id='word_1_123' title='bbox 761 2262 964 2329; x_wconf 85' lang='lat' dir='ltr'><strong>verecundia</strong></span> <span class='ocrx_word' id='word_1_124' title='bbox 985 2283 1042 2325; x_wconf 89' lang='lat' dir='ltr'><strong>cu·</strong></span> 
     </span>
     <span class='ocr_line' id='line_1_19' title="bbox 18 2359 1043 2450; baseline -0.003 -18"><span class='ocrx_word' id='word_1_125' title='bbox 18 2397 34 2442; x_wconf 63' lang='grc' dir='ltr'><strong>χ</strong></span> <span class='ocrx_word' id='word_1_126' title='bbox 63 2364 212 2444; x_wconf 67' lang='grc' dir='ltr'><strong>τεεέεννῑ,</strong></span> <span class='ocrx_word' id='word_1_127' title='bbox 234 2370 443 2431; x_wconf 77' lang='lat' dir='ltr'><strong>fi‘eritamen</strong></span> <span class='ocrx_word' id='word_1_128' title='bbox 465 2388 533 2429; x_wconf 92' lang='lat' dir='ltr'><strong>non</strong></span> <span class='ocrx_word' id='word_1_129' title='bbox 554 2359 685 2449; x_wconf 88' lang='lat' dir='ltr'><strong>potuit,</strong></span> <span class='ocrx_word' id='word_1_130' title='bbox 710 2364 792 2450; x_wconf 82' lang='lat' dir='ltr'><strong>quin</strong></span> <span class='ocrx_word' id='word_1_131' title='bbox 814 2371 942 2450; x_wconf 85' lang='lat' dir='ltr'><strong>graecis</strong></span> <span class='ocrx_word' id='word_1_132' title='bbox 965 2368 1043 2429; x_wconf 86' lang='lat' dir='ltr'><strong>lite·</strong></span> 
     </span>
     <span class='ocr_line' id='line_1_20' title="bbox 63 2473 1043 2558; baseline -0.001 -22"><span class='ocrx_word' id='word_1_133' title='bbox 63 2479 119 2538; x_wconf 78' lang='lat' dir='ltr'><strong>ris&#39;</strong></span> <span class='ocrx_word' id='word_1_134' title='bbox 140 2489 173 2535; x_wconf 90' lang='lat' dir='ltr'><strong>et</strong></span> <span class='ocrx_word' id='word_1_135' title='bbox 201 2477 383 2555; x_wconf 81' lang='lat' dir='ltr'><strong>sapientia,</strong></span> <span class='ocrx_word' id='word_1_136' title='bbox 419 2475 531 2535; x_wconf 88' lang='lat' dir='ltr'><strong>altiori</strong></span> <span class='ocrx_word' id='word_1_137' title='bbox 554 2493 590 2534; x_wconf 88' lang='lat' dir='ltr'><strong>ac</strong></span> <span class='ocrx_word' id='word_1_138' title='bbox 616 2473 804 2536; x_wconf 86' lang='lat' dir='ltr'><strong>sublimiori</strong></span> <span class='ocrx_word' id='word_1_139' title='bbox 831 2475 916 2558; x_wconf 86' lang='lat' dir='ltr'><strong>legis</strong></span> <span class='ocrx_word' id='word_1_140' title='bbox 937 2478 1043 2537; x_wconf 88' lang='lat' dir='ltr'><strong>inter·</strong></span> 
     </span>
     <span class='ocr_line' id='line_1_21' title="bbox 64 2570 1044 2665; baseline -0.003 -22"><span class='ocrx_word' id='word_1_141' title='bbox 64 2574 245 2665; x_wconf 73' lang='lat' dir='ltr'><strong>pretendae&#39;</strong></span> <span class='ocrx_word' id='word_1_142' title='bbox 279 2570 408 2641; x_wconf 87' lang='lat' dir='ltr'><strong>ratione</strong></span> <span class='ocrx_word' id='word_1_143' title='bbox 437 2577 515 2640; x_wconf 90' lang='lat' dir='ltr'><strong>inde</strong></span> <span class='ocrx_word' id='word_1_144' title='bbox 541 2582 755 2660; x_wconf 86' lang='lat' dir='ltr'><strong>potissimum</strong></span> <span class='ocrx_word' id='word_1_145' title='bbox 774 2581 958 2664; x_wconf 81' lang='lat' dir='ltr'><strong>prolecta,</strong></span> <span class='ocrx_word' id='word_1_146' title='bbox 987 2580 1044 2641; x_wconf 90' lang='lat' dir='ltr'><strong>vel</strong></span> 
     </span>
     <span class='ocr_line' id='line_1_22' title="bbox 66 2666 1044 2773; baseline -0.004 -22"><span class='ocrx_word' id='word_1_147' title='bbox 66 2666 190 2753; x_wconf 85' lang='lat' dir='ltr'><strong>leviter</strong></span> <span class='ocrx_word' id='word_1_148' title='bbox 218 2690 337 2764; x_wconf 90' lang='lat' dir='ltr'><strong>tincti,</strong></span> <span class='ocrx_word' id='word_1_149' title='bbox 365 2700 556 2773; x_wconf 83' lang='lat' dir='ltr'><strong>statuorum</strong></span> <span class='ocrx_word' id='word_1_150' title='bbox 579 2685 808 2747; x_wconf 83' lang='lat' dir='ltr'><strong>Mosaicorum</strong></span> <span class='ocrx_word' id='word_1_151' title='bbox 827 2688 921 2759; x_wconf 84' lang='lat' dir='ltr'><strong>dura</strong></span> <span class='ocrx_word' id='word_1_152' title='bbox 947 2685 1044 2747; x_wconf 83' lang='lat' dir='ltr'><strong>frena</strong></span> 
     </span>
     <span class='ocr_line' id='line_1_23' title="bbox 50 2794 1044 2879; baseline -0.008 -17"><span class='ocrx_word' id='word_1_153' title='bbox 50 2801 189 2879; x_wconf 68' lang='lat' dir='ltr'><strong>⁴sensim</strong></span> <span class='ocrx_word' id='word_1_154' title='bbox 207 2799 432 2860; x_wconf 83' lang='lat' dir='ltr'><strong>remitterent.</strong></span> <span class='ocrx_word' id='word_1_155' title='bbox 453 2799 498 2858; x_wconf 85' lang='lat' dir='ltr'><strong>Et</strong></span> <span class='ocrx_word' id='word_1_156' title='bbox 516 2798 582 2876; x_wconf 91' lang='lat' dir='ltr'><strong>jam</strong></span> <span class='ocrx_word' id='word_1_157' title='bbox 600 2794 712 2857; x_wconf 86' lang='lat' dir='ltr'><strong>altaris</strong></span> <span class='ocrx_word' id='word_1_158' title='bbox 730 2794 823 2856; x_wconf 91' lang='lat' dir='ltr'><strong>illius</strong></span> <span class='ocrx_word' id='word_1_159' title='bbox 841 2814 903 2876; x_wconf 90' lang='lat' dir='ltr'><strong>per</strong></span> <span class='ocrx_word' id='word_1_160' title='bbox 922 2795 1044 2858; x_wconf 82' lang='lat' dir='ltr'><strong>Oniam</strong></span> 
     </span>
     <span class='ocr_line' id='line_1_24' title="bbox 25 2899 1044 2991; baseline -0.005 -24"><span class='ocrx_word' id='word_1_161' title='bbox 25 2950 39 2959; x_wconf 86' lang='lat'>-</span> <span class='ocrx_word' id='word_1_162' title='bbox 66 2909 104 2967; x_wconf 89' lang='lat' dir='ltr'><strong>in</strong></span> <span class='ocrx_word' id='word_1_163' title='bbox 132 2905 290 2987; x_wconf 88' lang='lat' dir='ltr'><strong>Aegypto</strong></span> <span class='ocrx_word' id='word_1_164' title='bbox 320 2903 522 2991; x_wconf 69' lang='lat' dir='ltr'><strong>erstr&#39;nctio,</strong></span> <span class='ocrx_word' id='word_1_165' title='bbox 557 2899 647 2983; x_wconf 91' lang='lat' dir='ltr'><strong>quod</strong></span> <span class='ocrx_word' id='word_1_166' title='bbox 676 2903 859 2963; x_wconf 84' lang='lat' dir='ltr'><strong>statuerint</strong></span> <span class='ocrx_word' id='word_1_167' title='bbox 892 2899 931 2962; x_wconf 90' lang='lat' dir='ltr'><strong>de</strong></span> <span class='ocrx_word' id='word_1_168' title='bbox 961 2901 1044 2981; x_wconf 89' lang='lat' dir='ltr'><strong>legis</strong></span> 
     </span>
     <span class='ocr_line' id='line_1_25' title="bbox 65 2996 1067 3090; baseline -0.008 -14"><span class='ocrx_word' id='word_1_169' title='bbox 65 3015 245 3076; x_wconf 79' lang='lat' dir='ltr'><strong>sanctitate</strong></span> <span class='ocrx_word' id='word_1_170' title='bbox 265 2996 354 3071; x_wconf 87' lang='lat' dir='ltr'><strong>haud</strong></span> <span class='ocrx_word' id='word_1_171' title='bbox 376 3008 542 3087; x_wconf 86' lang='lat' dir='ltr'><strong>violanda,</strong></span> <span class='ocrx_word' id='word_1_172' title='bbox 564 3024 761 3090; x_wconf 88' lang='lat' dir='ltr'><strong>argumento</strong></span> <span class='ocrx_word' id='word_1_173' title='bbox 784 3023 845 3073; x_wconf 89' lang='lat' dir='ltr'><strong>est.</strong></span> <span class='ocrx_word' id='word_1_174' title='bbox 879 3008 1067 3089; x_wconf 51' lang='lat' dir='ltr'><strong>Sacrilego&lt;</strong></span> 
     </span>
     <span class='ocr_line' id='line_1_26' title="bbox 65 3116 1047 3205; baseline -0.005 -24"><span class='ocrx_word' id='word_1_175' title='bbox 65 3140 203 3205; x_wconf 84' lang='lat' dir='ltr'><strong>quoque</strong></span> <span class='ocrx_word' id='word_1_176' title='bbox 239 3120 319 3186; x_wconf 85' lang='lat' dir='ltr'><strong>haec</strong></span> <span class='ocrx_word' id='word_1_177' title='bbox 356 3118 512 3194; x_wconf 88' lang='lat' dir='ltr'><strong>ambitio,</strong></span> <span class='ocrx_word' id='word_1_178' title='bbox 557 3116 689 3179; x_wconf 81' lang='lat' dir='ltr'><strong>Iudaeis</strong></span> <span class='ocrx_word' id='word_1_179' title='bbox 710 3116 1047 3192; x_wconf 70' lang='lat' dir='ltr'><strong>Palaestinensibus,</strong></span> 
     </span>
     <span class='ocr_line' id='line_1_27' title="bbox 65 3212 1046 3312; baseline -0.011 -15"><span class='ocrx_word' id='word_1_180' title='bbox 65 3230 252 3296; x_wconf 74' lang='lat' dir='ltr'><strong>acrioribus</strong></span> <span class='ocrx_word' id='word_1_181' title='bbox 288 3228 464 3312; x_wconf 85' lang='lat' dir='ltr'><strong>religionis</strong></span> <span class='ocrx_word' id='word_1_182' title='bbox 500 3224 628 3308; x_wconf 82' lang='lat' dir='ltr'><strong>patriae</strong></span> <span class='ocrx_word' id='word_1_183' title='bbox 660 3212 911 3304; x_wconf 84' lang='lat' dir='ltr'><strong>defensoribus,</strong></span> <span class='ocrx_word' id='word_1_184' title='bbox 946 3222 1046 3304; x_wconf 86' lang='lat' dir='ltr'><strong>plane</strong></span> 
     </span>
    </p>
   </div>
   <div class='ocr_carea' id='block_1_3' title="bbox 62 3415 351 3431">
    <p class='ocr_par' dir='ltr' id='par_1_3' title="bbox 62 3415 351 3431">
     <span class='ocr_line' id='line_1_28' title="bbox 62 3415 351 3431; baseline -0.017 0"><span class='ocrx_word' id='word_1_185' title='bbox 62 3415 351 3431; x_wconf 61' lang='lat' dir='ltr'><em>W</em></span> 
     </span>
    </p>
   </div>
   <div class='ocr_carea' id='block_1_4' title="bbox 57 3512 1050 3816">
    <p class='ocr_par' dir='ltr' id='par_1_4' title="bbox 57 3512 1050 3813">
     <span class='ocr_line' id='line_1_29' title="bbox 100 3512 1050 3628; baseline -0.017 -16"><span class='ocrx_word' id='word_1_186' title='bbox 100 3557 136 3628; x_wconf 82' lang='lat'><strong>3)</strong></span> <span class='ocrx_word' id='word_1_187' title='bbox 158 3536 244 3611; x_wconf 75' lang='lat' dir='ltr'><strong>Philo</strong></span> <span class='ocrx_word' id='word_1_188' title='bbox 250 3546 372 3627; x_wconf 80' lang='lat' dir='ltr'><strong>delegat.</strong></span> <span class='ocrx_word' id='word_1_189' title='bbox 384 3537 417 3604; x_wconf 84' lang='lat' dir='ltr'><strong>ad</strong></span> <span class='ocrx_word' id='word_1_190' title='bbox 431 3549 490 3623; x_wconf 80' lang='lat' dir='ltr'><strong>caj</strong></span> <span class='ocrx_word' id='word_1_191' title='bbox 513 3551 539 3622; x_wconf 91' lang='grc' dir='ltr'>Ρ</span> <span class='ocrx_word' id='word_1_192' title='bbox 551 3512 676 3605; x_wconf 57' lang='lat' dir='ltr'><strong>rotoni</strong></span> <span class='ocrx_word' id='word_1_193' title='bbox 692 3542 907 3615; x_wconf 68' lang='lat' dir='ltr'><strong>„q&#39;aet&#39;oraroxri</strong></span> <span class='ocrx_word' id='word_1_194' title='bbox 918 3543 1050 3614; x_wconf 77' lang='grc' dir='ltr'><strong>χρήματα</strong></span> 
     </span>
     <span class='ocr_line' id='line_1_30' title="bbox 57 3635 1050 3731; baseline -0.018 -26"><span class='ocrx_word' id='word_1_195' title='bbox 57 3696 67 3716; x_wconf 86' lang='grc'><em>,</em></span> <span class='ocrx_word' id='word_1_196' title='bbox 121 3648 367 3716; x_wconf 77' lang='grc' dir='ltr'><strong>συναγαγόντας</strong></span> <span class='ocrx_word' id='word_1_197' title='bbox 396 3643 452 3700; x_wconf 71' lang='grc' dir='ltr'><strong>ἀπὸ</strong></span> <span class='ocrx_word' id='word_1_198' title='bbox 478 3642 531 3697; x_wconf 76' lang='grc' dir='ltr'><strong>τῶν</strong></span> <span class='ocrx_word' id='word_1_199' title='bbox 566 3637 701 3711; x_wconf 70' lang='grc' dir='ltr'><strong>ἀπαρχῶν</strong></span> <span class='ocrx_word' id='word_1_200' title='bbox 735 3635 795 3709; x_wconf 76' lang='grc' dir='ltr'><strong><em>ἱεροὶ</em></strong></span> <span class='ocrx_word' id='word_1_201' title='bbox 816 3641 865 3692; x_wconf 77' lang='grc' dir='ltr'><strong>καὶ</strong></span> <span class='ocrx_word' id='word_1_202' title='bbox 889 3638 1050 3731; x_wconf 73' lang='grc' dir='ltr'><strong><em>’πέμποντας</em></strong></span> 
     </span>
     <span class='ocr_line' id='line_1_31' title="bbox 157 3700 1019 3816; baseline -0.02 -18"><span class='ocrx_word' id='word_1_203' title='bbox 157 3743 199 3806; x_wconf 68' lang='lat' dir='ltr'><strong>irc</strong></span> <span class='ocrx_word' id='word_1_204' title='bbox 213 3736 396 3813; x_wconf 74' lang='grc' dir='ltr'><strong><em>Ἱεροσόλυμα</em></strong></span> <span class='ocrx_word' id='word_1_205' title='bbox 415 3736 480 3793; x_wconf 64' lang='lat' dir='ltr'><strong>drot*</strong></span> <span class='ocrx_word' id='word_1_206' title='bbox 475 3734 536 3792; x_wconf 69' lang='grc' dir='ltr'><strong>τῶν</strong></span> <span class='ocrx_word' id='word_1_207' title='bbox 557 3734 610 3797; x_wconf 73' lang='grc' dir='ltr'><strong>τοῖς</strong></span> <span class='ocrx_word' id='word_1_208' title='bbox 630 3718 740 3816; x_wconf 68' lang='grc' dir='ltr'><strong><em>θυσίας</em></strong></span> <span class='ocrx_word' id='word_1_209' title='bbox 757 3700 927 3793; x_wconf 77' lang='grc' dir='ltr'><strong>ἀνοιξάντων</strong></span> <span class='ocrx_word' id='word_1_210' title='bbox 1016 3790 1019 3796; x_wconf 19' lang='grc' dir='ltr'>ι</span> 
     </span>
    </p>
   </div>
   <div class='ocr_carea' id='block_1_5' title="bbox 0 0 1225 4492">
    <p class='ocr_par' dir='ltr' id='par_1_5' title="bbox 0 0 1225 4492">
     <span class='ocr_line' id='line_1_32' title="bbox 0 0 1225 4492; baseline 0 0"><span class='ocrx_word' id='word_1_211' title='bbox 0 0 1225 4492; x_wconf 95' lang='lat' dir='ltr'><strong> </strong></span> 
     </span>
    </p>
   </div>
  </div>
 </body>
</html>
