2400 4478
528 345 575 363 --
655 320 823 384 14.-

77 502 80 507 ’
184 505 284 588 plane
297 507 522 588 praeteriere,
539 518 603 568 aut
617 486 744 583 obiter,
761 486 876 586 paucis
891 501 992 566 modo
1013 507 1166 590 attigere

184 614 283 703 Quod
306 613 345 675 ad
366 617 477 697 gentis
498 614 648 694 judaicae
670 613 825 676 historias
847 612 1010 694 speciales
1029 621 1163 710 attinet,

184 724 268 782 istae
290 742 360 783 non
382 735 476 783 tenta
497 722 635 781 omnino
651 738 735 782 cura
756 740 818 781 nec
840 723 1107 801 perspicuitate·
1117 725 1162 786 ad·

71 864 76 873 =
183 847 279 898 aunt
286 831 491 910 elaboratae,
524 833 687 913 quantum
708 831 827 913 populi
850 833 1001 912 gravitas
1016 835 1162 918 ejusque
1199 856 1200 897 ι

184 926 264 1003 cuin
299 943 399 1004 rebue
436 940 626 1003 christianis
661 943 784 1001 arctior
819 934 987 1011 ch‘nexus
1026 941 1162 1006 videtur
1199 970 1200 975 ¹

184 1046 366 1131 postulare.
387 1049 390 1059 '
409 1047 452 1108 In
483 1049 524 1108 iis
555 1049 646 1107 enim
673 1046 787 1123 libris,
816 1048 875 1128 qui
898 1046 937 1108 de
959 1047 1163 1114 Judaeorum

56 1211 59 1218 .
184 1156 325 1219 historia
357 1170 437 1219 eunt
466 1156 671 1234 conscripti,
710 1152 820 1216 fontes
851 1167 908 1214 aut
944 1150 1069 1247 nimis'y
1089 1172 1165 1221 eunt

183 1261 348 1343 neglecti,
370 1276 427 1323 aut
447 1280 547 1344 parce
568 1261 751 1346 inspecti..
771 1275 832 1322 aut
851 1252 934 1322 false
966 1267 1165 1344 aestumati,

185 1376 339 1453 quamvis
368 1374 493 1435 nostris
514 1373 740 1452 potissimum
767 1373 976 1452 temporibus
1002 1377 1160 1438 nonnulii

136 1496 137 1501 ¹
184 1481 338 1541 virorum
368 1480 571 1542 doctorum
568 1499 634 1553 ea,
666 1498 750 1560 quae
773 1478 811 1540 de
833 1480 932 1558 hujus
955 1484 1078 1564 populi
1097 1483 1157 1545 hia·

184 1576 271 1645 toria
291 1569 376 1645 bene
396 1582 581 1646 scribenda
590 1599 686 1645 antea
699 1583 833 1646 fuerant
854 1585 1042 1667 neglecta,
1054 1590 1162 1652 studio

184 1684 350 1755 indefesso
371 1707 406 1754 et
427 1695 559 1774 egregia
575 1691 760 1753 cumlaude
783 1695 971 1774 supplere
962 1702 1163 1789 incepeript.

185 1803 276 1890 Quos
299 1804 435 1885 quidem
455 1803 559 1864 libros
582 1822 621 1862 ex
641 1817 737 1883 parte
760 1824 813 1892 me
840 1802 1047 1892 'censuluisse
1070 1803 1165 1891 ing&⁴
1197 1813 1200 1845 ⁴

47 1942 81 1989 κ,
184 1927 253 1979 nue
273 1905 617 1980 fateprMoshemiani
631 1905 723 1969 illius
743 1926 945 1983 memorem:
968 1910 1075 1971 aliena
1096 1932 1165 1993 ope
1193 1954 1196 1959 -

184 2017 376 2095 utinoll'e,
400 2035 506 2101 ¹quum
537 2030 671 2097 praesto
703 2019 764 2093 sit,
798 2037 984 2100 eorumque
1005 2035 1164 2103 apernere

185 2122 334 2200 labores,
365 2127 425 2206 qui
448 2139 524 2186 ante
544 2145 605 2186 nos
626 2111 726 2186 rebus
749 2127 897 2197 obscuris
919 2127 1034 2189 lucem
1056 2131 1159 2192 affun-

81 2267 85 2271 ·
187 2233 264 2296 dere
300 2230 502 2297 studuerunt
517 2274 535 2309 ,.
567 2252 585 2293 a
614 2235 760 2297 stultitia
793 2256 861 2297 non
895 2255 1066 2302 remotum
1102 2257 1158 2306 est.

73 2358 75 2363 ’
170 2341 280 2403 Libri
301 2361 382 2422 prae
403 2343 541 2403 caeteris
564 2343 759 2405 nominandi
781 2361 860 2406 sunt
881 2345 936 2413 hi:
962 2346 1160 2412 Geschichte

186 2448 245 2513 der
266 2448 448 2510 Israeliten
464 2467 526 2510 vor
548 2448 611 2510 den
632 2449 750 2538 Zeiten
773 2453 867 2530 iesu,
889 2472 967 2513 vom
990 2455 1085 2522 Veri.
1109 2457 1162 2519 der

183 2560 307 2623 aesca.
341 2561 419 2621 iesu
448 2558 644 2649 (saraae.
668 2554 771 2644 Hes.)
794 2541 920 2624 zerici
947 2563 1030 2633 1776
1050 2601 1095 2613 -
1113 2570 1159 2638 78.

187 2668 275 2730 von.
297 2668 372 2734 XII.
393 2669 423 2733 8.
446 2666 508 2747 ,ch
529 2667 604 2745 Vol.
628 2666 678 2728 XI
706 2683 740 2730 et
768 2669 844 2735 XII.
869 2674 930 2735 sub
952 2672 1076 2739 titulo:
1102 2676 1161 2739 Ge

186 2778 334 2840 echichte
364 2775 422 2838 der
449 2776 625 2857 Regenten
646 2797 679 2838 v.
702 2778 785 2839 Juda
805 2779 890 2840 nach
909 2780 938 2844 d.
960 2782 1085 2848 Exilio.
1130 2788 1160 2850 J.

186 2883 275 2948 Jahn
295 2885 723 2967 biblischeArchaeologie.
753 2879 857 2977 Wie'n
874 2891 1008 2954 1800-
1025 2897 1080 2960 17.
1122 2894 1159 2966 J

166 2995 284 3055 .T01n.
307 2996 337 3058 8.
380 2995 476 3056 Tom.
508 2993 572 3054 11.:
610 2993 824 3072 „Politische
855 2995 1159 3065 Alterthiimerscf.

60 3124 72 3173 4
185 3102 259 3163 Vol.
278 3101 305 3161 Ι.
327 3121 360 3180 p.
381 3105 442 3175 320
463 3102 535 3182 sq‘q.
577 3105 610 3181 J.
635 3107 687 3168 M.
710 3106 789 3166 Josc
820 3088 937 3171 Gcsch
968 3106 1027 3167 der
1056 3107 1160 3169 Israe-

184 3211 271 3272 liten
292 3206 407 3272 seitd.
427 3205 552 3269 Zeitd.
575 3207 722 3296 Maccab.
753 3211 802 3272 bis
835 3209 893 3271 auf
911 3229 1036 3272 unsere
1058 3214 1156 3295 Tage.

185 3290 494 3383 Berl.1820-28.
519 3313 567 3375 IX
589 3315 685 3379 Tom.
716 3319 746 3382 8.
778 3315 821 3378 cf.
843 3318 939 3381 Tom.
952 3316 996 3380 H
1011 3341 1068 3403 p
1089 3314 1157 3387 202

81 3472 107 3516 ¹.¹
187 3442 259 3504 sqq.
312 3404 403 3484 Rae.
438 3418 619 3482 Cudworth
651 3401 794 3498 syiteina
821 3421 1064 3486 intellectuale.
1096 3424 1161 3496 (ed.
1199 3471 1200 3481 ,

185 3529 213 3590 J.
234 3527 274 3588 L.
279 3521 478 3605 Mosheim)
499 3527 598 3588 Jenee
617 3530 706 3596 1733
728 3528 774 3592 II.
788 3529 883 3592 Tom.
905 3528 979 3597 Fol.
1002 3531 1046 3596 cf.
1067 3533 1160 3599 Tem.
1199 3531 1200 3592 j

122 3621 131 3630 “
160 3638 215 3701 i.
238 3655 281 3728 p.
302 3632 374 3706 639
403 3655 475 3717 sqq.
515 3636 550 3700 J.
572 3637 733 3698 Bruekeri
758 3636 899 3700 historie
932 3643 1007 3703 crit.
1042 3639 1162 3722 philos

187 3742 365 3831 Lp.1766.
395 3748 427 3811 li.
471 3745 512 3810 cf.
537 3746 632 3831 Tem.
652 3747 696 3811 11.
725 3768 766 3831 Ρ.
780 3747 842 3818 653
863 3770 936 3839 sqq.
981 3751 1077 3815 Tom
1100 3750 1159 3817 m
