2400 4478
459 337 644 408 rus
702 365 747 378 ···

98 534 247 621 quidem
272 544 376 612 apta,
405 544 445 592 ut
471 521 584 607 ajunt,
614 518 1086 604 orationisconformatione,

98 651 386 727 agumentorum
409 636 591 725 aciernaut
612 631 833 710 obtunderet,
847 645 904 692 aut
925 630 1086 712 gladium,

98 768 163 829 μ
175 746 363 811 adversarii
388 743 540 820 manibus
568 739 705 811 fortiter
733 751 921 819 ereptum,
937 738 1030 797 sibi
1020 737 1097 833 apsir
1165 743 1168 747 ’

101 853 307 935 ¹uindIcaret.
361 849 444 912 Inde
465 852 651 924 necessario
673 850 893 942 sequebatur,
927 861 976 932 ut
985 846 1087 909 homo
1165 843 1172 858 '

106 960 290 1045 Iudaeus
280 979 317 1019 ιιι
346 962 483 1033 eorum,
518 959 666 1052 quinon
692 954 943 1031 intuterant,
972 951 1088 1015 literas

109 1090 144 1141 et
161 1073 321 1137 altiorem
339 1062 539 1151 sapientiam
560 1087 659 1160 quam
682 1064 965 1148 diligentissime
956 1083 1087 1133 incum-

109 1155 419 1262 bere-cogeretur,
447 1179 512 1264 Qui
534 1197 615 1250 nero
637 1196 656 1238 a
680 1198 715 1239 se
735 1179 916 1257 impetrare
939 1196 1008 1246 non
1028 1194 1089 1256 po·
1160 1211 1163 1216 -

110 1295 199 1368 ruit,
219 1292 304 1373 quin
325 1288 456 1360 acerbas
475 1288 615 1366 Injurias
633 1285 756 1361 Judaeo
774 1285 1090 1367 ejusquereligioni

98 1399 206 1482 ⁴ultro
217 1396 265 1459 ”ac
287 1394 535 1470 contumeliose*
550 1393 662 1456 illatas
684 1370 794 1476 aequo*
807 1395 918 1454 animo
935 1408 995 1455 aut
1012 1411 1087 1474 per·

105 1507 240 1583 ferret,
272 1519 327 1567 aut
355 1507 440 1578 iram
465 1508 664 1591 conqeptam
693 1505 926 1584 reprimeret,
947 1520 1025 1564 eum
1051 1503 1089 1562 in

107 1627 286 1685 certamen
312 1612 557 1683 atrocissimum
582 1583 781 1683 descendere
809 1584 996 1690 oportebat.
1019 1680 1021 1687 s
1047 1607 1090 1668 In

107 1696 261 1799 utraque
286 1721 435 1795 ratione,
466 1733 499 1787 et
523 1707 702 1795 literarum
722 1717 909 1796 spatiosum
934 1689 1090 1802 eampum

108 1834 244 1907 sumina
270 1845 347 1887 cum
366 1825 551 1906 »diligentia
581 1820 826 1906 perlustrandi,
855 1834 889 1882 et
916 1817 1090 1901 religionis

109 1940 237 2001 acriter
258 1933 401 1996 tuendae
423 1933 534 1995 studio
551 1929 718 1994 indefesso
736 1933 851 1992 noster
868 1931 957 1991 Inter
974 1911 1091 1990 omnes

108 2040 296 2133 excellebat
317 2039 417 2104 Philo
440 2041 600 2105 Iudaeus.
642 2037 702 2117 (cf.
720 2037 813 2108 Flav.
833 2013 1088 2120 loseph.bAr¹ch.

107 2148 241 2227 XVIII.
263 2149 364 2229 na.)

444 2376 656 2454 .=§·5.·

131 2630 137 2644 ,
216 2558 345 2623 Verum
365 2562 457 2622 enim
477 2555 849 2625 vero‘adversariorum
868 2562 1010 2647 refugiis
1025 2555 1093 2630 'hoc
1147 2604 1153 2629 t

114 2665 217 2731 modo
239 2659 420 2748 diligenter
439 2682 660 2749 accurateque
680 2672 824 2752 cognitis
843 2685 943 2752 atque
961 2672 1092 2751 perlus⁴
1193 2712 1199 2721 «

115 2779 235 2854 tratis,
268 2769 530 2856 controversiam
558 2778 651 2838 illam
675 2778 715 2840 de
738 2782 900 2856 veritate,
930 2757 1093 2863 dignitate

118 2906 156 2949 ac
190 2885 304 2947 divina
335 2878 508 2966 religionis
540 2886 688 2967 judaicae
719 2891 847 2969 origine
878 2884 967 2950 haud
996 2889 1096 2953 facile
1185 2946 1188 2951 .

118 3013 218 3089 posse
239 2992 403 3081 dirimi,
395 3008 466 3074 erat
483 2997 518 3054 in
536 3009 691 3075 promtu,
713 3014 752 3056 eo
770 2995 858 3076 quod
877 2994 1098 3059 contradictio

120 3099 314 3182 quaedam·
304 3121 342 3161 ιιι
362 3098 539 3181 profundis
569 3103 632 3163 sita
659 3101 884 3165 consideranti
907 3116 1094 3185 appareret

119 3203 210 3266 Nam¹
236 3226 274 3266 ea
287 3210 373 3289 ipsa
401 3210 586 3293 prIncipia,
621 3206 661 3291 de
695 3211 816 3292 quibus
848 3210 1098 3292 disquisitiones

122 3310 356 3394 disceptandae
391 3303 429 3375 alr
462 3330 607 3397 utraque
639 3330 736 3397 parte
775 3314 912 3378 fuerant
947 3332 1099 3397 exorsae,

121 3432 198 3482 toto
220 3439 324 3500 prope
347 3421 439 3482 coelo
461 3420 637 3500 distabant.
686 3423 720 3483 Is
742 3421 932 3501 enirn,·qui
951 3440 1019 3482 non
1042 3423 1099 3484 Ju·

122 3522 224 3586 daeus
247 3541 336 3599 erat,
358 3525 397 3586 ad
420 3532 569 3608 egregias
589 3520 730 3590 rationis
751 3530 940 3610 mentisque
961 3527 1100 3595 faculta-

119 3642 196 3708 tes,
211 3650 305 3711 quas
327 3645 466 3711 natura,
495 3631 635 3714 provida
661 3639 947 3698 rernmomnium
972 3645 1097 3710 mater,
1195 3654 1199 3664 ¹

119 3737 287 3816 dedisset,
308 3753 401 3802 recte
419 3746 594 3837 provocari
613 3762 711 3831 ppsse
730 3745 883 3826 putabat:
906 3761 940 3807 at
958 3745 1099 3808 Iudaeus
