2408 4492
469 371 635 481 ”sm
713 336 758 408 ζ.

201 544 274 624 fam
295 573 378 622 vero
398 552 485 618 illud
507 553 705 632 vinculum,
736 569 804 636 quo
825 553 902 633 quis
924 566 1008 612 cum
1027 549 1091 612 Nu·
1131 550 1135 585 ³

111 673 202 743 mine
220 687 379 759 supremo
403 665 602 759 copulatum
627 682 671 749 se,
681 665 824 740 sentiat,
846 681 889 723 ne
914 636 1095 751 dtinirnqm
1132 636 1135 693 ἶ

117 779 254 864 quidem
276 775 316 839 ad
337 787 511 850 mutuam,
531 793 596 868 qua
618 771 704 833 alter
727 770 824 842 alteri
848 768 1094 863 adstringatur,
1133 755 1135 776 ¹

114 892 283 960 rationem
294 883 396 945 valet.
420 879 512 968 Quae
527 892 639 952 autem
654 879 745 956 fides,
759 875 836 939 inde
851 876 1096 974 aCapfivitars

115 987 328 1076 Babylonica
356 987 437 1060 adeo
464 1004 536 1052 erat
563 990 659 1051 firma
688 1004 721 1051 et
748 985 948 1050 Iudaeorum
976 991 1096 1050 animis

116 1101 236 1178 infixa,
266 1111 306 1160 ut
328 1104 397 1157 'non
428 1093 468 1161 ad
490 1104 563 1162 eam
591 1093 820 1179 deponendam
842 1086 1029 1157 au't’rebus⁴
1045 1092 1096 1155 ad·

114 1209 239 1282 versis,
286 1216 345 1273 aut
379 1200 534 1287 secundis
566 1199 667 1263 facile
704 1203 908 1273 commoveri
938 1214 1094 1289 possent,

113 1327 295 1404 propterea
332 1309 421 1395 quod
460 1324 675 1391 compertum
714 1309 901 1397 habebant,
940 1309 1094 1372 Jehovam

72 1456 76 1464 ·
117 1441 187 1487 esse
221 1425 332 1504 gentis
348 1401 351 1404 ⁴
367 1420 493 1481 electae
528 1433 563 1481 et
598 1437 678 1500 prae
710 1423 852 1482 caeteris
886 1419 1093 1502 segregatae,

116 1528 254 1591 Numen
276 1527 422 1591 tutelare
444 1524 705 1608 praesidemque.
730 1510 873 1595 ¹Eadem
893 1530 998 1589 nimia
1018 1526 1094 1599 ridi-

119 1610 274 1722 culeque,
302 1638 356 1699 sui
379 1637 539 1715 opinione
556 1635 650 1698 ducti
663 1623 799 1716 Iudaei,
820 1618 887 1700 nisi
904 1642 963 1720 qui
979 1639 1095 1702 Judae-

117 1765 214 1823 orutq
230 1749 325 1825 genti
342 1757 438 1807 erant
461 1743 641 1824 adscripti,
663 1765 718 1807 eos
737 1765 799 1828 per
816 1766 850 1811 se
869 1718 1088 1826 detestandos,

118 1857 270 1935 impuros
284 1849 484 1933 divinaeque
499 1853 627 1933 gratiae
647 1868 800 1932 expertes
812 1834 979 1936 putabant,
1005 1853 1097 1918 Hinc

119 1967 227 2043 igitur
248 1944 364 2025 severa
385 1960 444 2021 illa
462 1974 496 2022 et
514 1975 676 2042 perpetua
698 1962 843 2025 aliorum
860 1968 1003 2029 remotio
1021 1984 1098 2026 con·
1133 2010 1136 2031 .

119 2071 305 2147 temtioque
319 2065 433 2130 odium
447 2069 484 2126 in
499 2088 553 2142 ea,
572 2088 657 2148 quae
672 2069 711 2130 ad
726 2068 861 2148 Iudaica
873 2093 942 2144 uon
953 2075 1098 2152 pertine-
1133 2070 1136 2075 ’

118 2175 214 2243 bant:
241 2173 393 2264 (²)hinc
407 2175 484 2241 viva
505 2173 584 2250 iiia,
607 2173 698 2238 fastu
718 2176 851 2241 tumen-s
871 2183 1044 2260 persuasio
1062 2178 1098 2242 de

43 2346 46 2355 ,
122 2280 286 2362 dignitate
307 2283 436 2358 nationi
456 2283 570 2344 innata
589 2302 650 2344 nec
670 2305 739 2347 uon
758 2286 795 2348 in
812 2301 987 2349 aeternum
1007 2288 1099 2353 durs·

121 2402 209 2457 tura.
245 2386 359 2465 Atque
381 2384 538 2464 colligas,
561 2386 719 2467 quidnam
742 2366 867 2464 fuerit,
890 2393 981 2475 quod
1002 2394 1099 2456 talem

123 2493 293 2583 cogitandi
307 2486 492 2573 agendique
507 2495 671 2556 rationem
689 2498 726 2556 in
740 2497 893 2579 Aegypto
911 2519 973 2582 per
990 2499 1099 2562 Ptolo·

35 2598 37 2605 “
123 2618 297 2670 maeorum
318 2599 489 2668 saeculum
511 2601 644 2686 aluerit.
687 2607 760 2667 Jam
782 2606 957 2687 religionis
981 2608 1101 2674 doctri·

124 2729 187 2770 nae
208 2708 342 2775 libriin
363 2727 471 2776 unum
492 2729 632 2792 corpus,
655 2712 751 2794 quod,
769 2716 934 2787 canonem
959 2716 1027 2780 dici
1047 2737 1100 2779 vs·

35 2864 38 2879 ,
124 2815 203 2887 lunt
224 2810 388 2912 ssheologi
409 2818 488 2903 (²),
518 2837 614 2891 erant
633 2821 780 2899 redacti,
808 2829 935 2920 iisque,
963 2831 1024 2922 qui
1043 2846 1103 2917 pro

161 3161 193 3231 q)
217 3157 367 3298 ‘ngwf‘i
382 3133 416 3215 Ι1.
434 3160 455 3214 1.
483 3178 508 3217 c.
527 3163 557 3221 ὅτ
586 3163 747 3228 „advertus
778 3181 875 3222 omnes
904 3164 977 3224 aiios
1002 3166 1106 3226 hostiis

220 3263 238 3300 o
260 3261 329 3299 tum.
443 3293 447 3301 ,
1095 3254 1098 3271 '

155 3327 159 3335 “
217 3308 320 3407 Jdusq.
333 3325 476 3400 ΜΝ,
497 3337 564 3399 1001
587 3338 747 3402 „Romam
766 3356 858 3396 autem
882 3340 964 3398 soliti
986 3357 1108 3408 conum·

785 3446 854 3482 nere
872 3427 985 3502 legent

589 3507 759 3577 „Iudaicum
787 3510 918 3567 ediscunt
948 3527 976 3567 at
997 3526 1110 3568 servant

785 3615 816 3652 as
835 3612 967 3653 metuunt
988 3597 1069 3672 jus.“

165 3721 382 3796 ”Discurrens
408 3726 485 3781 inter-
517 3743 547 3779 ae
577 3701 735 3804 dheologi,
769 3732 794 3786 si
816 3733 972 3795 accuratius
993 3732 1111 3790 definire
